2166 2777
152 153 306 192 xm„
587 139 878 188 HENRICI
905 132 1257 187 STEPHANI
1292 140 1697 187 PRAEFATIO.
1729 134 1732 135 ’
1765 114 1768 117 ‘

2147 191 2149 196 ⁴
2145 0 2166 165 ‘TW

2147 203 2158 226 l,

157 260 203 296 Et
219 255 265 295 de
283 253 435 294 illorum
452 251 608 306 quidem
625 251 736 293 huius
751 252 829 292 loci
849 253 1155 305 interpretatione
1172 241 1369 292 hactenns.
1409 242 1489 291 ‘Ad
1507 255 1629 291 meam
1655 259 1785 290 autem
1804 258 1845 289 vt
1860 238 2022 296 veniam,
2051 243 2100 287 fa·
2143 273 2146 275 -

158 325 252 361 teor,
270 325 332 351 me
355 311 417 350 hic
442 307 566 351 ἄλλως
591 325 632 350 τε
653 309 712 348 καὶ
735 309 872 359 ναυτικῇ
897 309 997 361 ἀρχῇ
1021 308 1126 347 secus
1143 321 1258 361 quam
1277 310 1316 347 in
1335 319 1417 347 mea
1433 309 1696 358 recognitione
1713 309 1994 358 interpretatum
2009 304 2100 346 effe:
2134 325 2136 328 ’

97 371 100 374 ’
156 369 219 410 sed
236 372 274 408 in
291 366 392 408 causa
410 365 486 405 hoc
504 363 587 413 fuit,
615 363 721 418 quod
738 374 822 404 turn
838 363 1051 405 scholiastae
1070 363 1256 404 iudicium
1275 376 1369 405 meo
1389 362 1649 415 praetulissem,
1678 376 1800 417 quum
1818 363 1944 415 postea
1971 374 2102 401 meum
2150 363 2153 402 Ξ

159 434 288 466 contra
305 422 537 477 sequendum
558 424 686 474 potius
703 421 1008 461 existimauerim.
1064 423 1114 460 Ea
1134 423 1249 471 enim,
1267 433 1381 474 quam
1400 420 1530 470 affero,
1557 429 1595 459 et
1609 418 1733 460 multo
1757 421 1874 471 magis
1888 417 1996 458 altera
2012 417 2105 457 mihi

160 485 235 523 iam
262 491 344 520 tum
368 477 544 532 placebat,
572 487 609 517 et
634 491 735 518 nunc
751 476 824 517 sola
850 478 969 530 placet
986 479 1251 530 interpretatio.
1309 475 1571 531 Videnturque
1596 475 1656 516 illa
1680 474 1855 522 verba,-fi
1879 472 1927 514 ad
1951 471 2105 523 ἄτολμοι

161 536 374 582 referantur,
404 537 549 587 optime
564 547 654 573 cum
670 536 725 585 iis,
749 548 842 589 quae
859 533 944 574 alibi
962 532 1007 574 ab
1026 534 1100 574 hoc
1128 533 1306 587 scriptore
1323 531 1512 580 dicuntur,
1539 536 1745 572 conuenire
1756 548 1769 571 z,
1796 533 1978 572 nimirum
1996 528 2107 568 Athe·

162 594 306 635 irienses
327 592 429 632 velut
446 600 641 631 veteranos
662 592 701 630 in
716 604 754 630 re
771 590 891 630 nauali
909 590 992 639 effe,
1015 589 1339 630 Lacedaemonios
1365 598 1506 639 autem,
1531 591 1691 635 tirones;
1715 591 1851 628 merito
1868 586 1973 627 enim
1990 581 2107 625 ὅίτολ-

163 668 219 700 μοι
241 649 306 688 sint
332 651 473 688 tirones
500 647 675 687 aduersus
702 656 910 687 veteranos.
968 646 1088 697 Qtod
1114 646 1138 684 fi
1160 649 1243 700 quis
1261 645 1484 698 ampliorem
1502 644 1616 684 huius
1637 643 1880 697 pulcherrimi
1898 643 1974 682 loci
1991 639 2108 693 expli-

163 709 353 746 cationem
371 706 543 759 requirat,
573 702 669 755 legat
685 717 721 756 p.
740 705 807 753 46.
822 715 888 755 47.
912 702 1026 742 huius
1045 706 1167 755 operis
1185 704 1253 756 [T.
1271 705 1296 740 1.
1313 715 1348 754 p.
1374 704 1460 743 1-26.
1481 699 1573 741 nost.
1589 700 1671 751 ed.]
1683 732 1694 752 ‚
1722 714 1770 741 ex
1786 714 1858 754 qua
1873 702 1984 740 etiam
2005 695 2109 737 intel-

164 762 264 814 liget,
283 758 510 814 ἒπιχειςητέις
530 760 625 800 male
642 773 662 799 a
681 760 782 800 Valla
800 760 872 800 esse
889 759 1096 800 redditum:
1116 759 1223 810 *legat
1237 768 1274 798 et
1291 772 1372 811 pag.
1386 771 1482 810 457.
1502 759 1605 808 [Vll‚
1622 762 1708 808 21.]
1732 759 1770 797 in
1790 770 1863 811 qua
1883 755 2110 796 Hermocra-

163 822 210 859 tis
228 818 439 870 Syraeulani
458 815 657 856 confilium
685 815 732 855 de
753 816 983 869 opponenda
1008 815 1210 856 audacibus
1228 813 1519 856 Atheniensibus
1546 815 1696 855 audacia
1713 815 1892 855 inueniet.
1951 814 1992 851 In
2008 809 2111 869 auda-5

165 891 213 916 ces
231 875 343 925 (dixit
361 878 472 926 poeta
490 873 658 927 quidam)
676 888 737 911 non
752 875 795 926 est
811 874 950 912 audacia
968 882 1048 911 tuta.
1086 875 1196 914 Certe
1210 875 1249 912 in
1266 872 1422 912 audaces
1439 871 1681 922 Syracusanos
1700 870 1950 910 miserrimum
1965 869 2112 908 exitum

165 930 330 973 habuisse
339 928 625 970 Athenienfium
644 929 849 979 audaciam,
866 939 995 969 contra
1013 932 1048 968 in
1060 929 1383 969 Lacedaemonios
1398 927 1595 968 inaudaces
1613 927 1770 968 eandem
1789 926 1959 966 videmus
1974 921 2112 964 ceffiffe

165 988 390 1042 plerumque
415 984 580 1027 feliciter.
641 985 790 1027 Celeres
817 995 919 1026 erant
938 986 983 1025 ad
1010 999 1065 1025 res
1083 985 1344 1037 aggrediendas
1363 983 1626 1025 Athenienses:
1654 984 1744 1023 huic
1762 983 1915 1023 illorum
1938 980 2113 1021 celeritati

167 1059 248 1086 non
275 1042 524 1096 opponebant
547 1042 702 1082 viciffim
728 1042 956 1082 celeritatem
975 1042 1276 1088 Lacedaemonii,
1303 1041 1366 1082 sed
1390 1051 1519 1081 contra
1544 1040 1605 1081 sua
1621 1039 1865 1082 cundiatione
1888 1048 1926 1078 et
1947 1037 2113 1078 tarditate

167 1101 344 1142 celeritati
364 1099 515 1140 illorum
533 1099 662 1139 locum
681 1098 826 1139 dabant.
881 1100 934 1139 At
956 1099 1169 1148 Syracusani
1192 1101 1362 1148 minime,
1385 1100 1451 1151 qui
1466 1097 1694 1138 celeritatem
1707 1096 1882 1137 aduersus
1900 1095 2035 1134 celeres
2052 1092 2117 1133 ad-

167 1156 353 1197 hibebant.
410 1156 596 1197 Poffimus
621 1169 711 1196 vero
736 1155 840 1195 hunc
858 1153 981 1208 ipsum
1009 1155 1139 1196 locum
1161 1154 1312 1196 liberius
1335 1154 1494 1209 quidem
1511 1154 1638 1207 paulo,
1665 1154 1730 1194 sed
1756 1153 1879 1193 multo
1898 1151 2117 1204 elegantiusff

168 1218 216 1255 ita
235 1215 481 1264 interpretari:
2111 1227 2115 1243 2

272 1274 413 1309 Verum
438 1270 574 1317 nonin
599 1267 669 1307 hac
686 1281 757 1307 vna
781 1281 832 1318 re,
866 1267 927 1307 sed
954 1277 991 1308 et
1015 1270 1054 1307 iu
1082 1267 1163 1307 aliis
1188 1267 1328 1318 multis,
1357 1269 1612 1320 opportunius
1628 1263 1919 1307 Atheniensibus
1942 1263 2116 1305 aduersus

169 1325 504 1375 Lacedaemonios,
530 1338 645 1379 quam
662 1324 758 1365 vllos
774 1324 878 1369 alios,
906 1323 978 1364 fuit
995 1324 1148 1364 bellum.
1204 1327 1256 1363 Vt
1273 1327 1376 1364 enim
1387 1323 1675 1364 Lacedaemonii
1692 1320 1982 1364 Atheniensibus
1999 1324 2117 1362 maxi-

171 1397 233 1424 me
250 1383 411 1434 dispares
429 1381 599 1420 moribus
617 1390 720 1420 erant
736 1379 903 1433 (quippe
921 1394 1041 1432 quum
1059 1380 1099 1419 hi
1117 1379 1266 1428 celeres,
1295 1379 1346 1419 illi
1363 1378 1616 1426 cunstatoreS,
1639 1382 1739 1428 eta),
1760 1381 1805 1418 ita
1823 1381 2027 1418 maximam
2039 1378 2118 1417 'illis

169 1453 294 1480 rerum
313 1437 559 1489 gerendarum
576 1439 901 1492 opportunitatem
918 1435 1128 1476 afferebant.
1186 1438 1429 1488 Argumento
1446 1433 1515 1475 fint
1531 1433 1597 1488 ipfi
1615 1434 1840 1486 Syracusani,
1866 1437 1933 1489 qui
1950 1444 1990 1474 vt
2009 1432 2119 1476 limil-

171 1496 284 1545 limo,
315 1504 384 1534 etc.
645 1541 647 1543 -

273 1554 355 1591 Nec
375 1550 507 1590 desunt
525 1559 562 1590 et
577 1548 666 1589 aliae
685 1550 999 1602 interpretationis
1027 1547 1104 1589 loci
1122 1548 1236 1589 huius
1263 1546 1473 1589 formulae:
1502 1561 1594 1603 quas
1611 1547 1831 1601 proferrem,
1853 1545 1921 1592 nifi,
1936 1547 2049 1588 finem
2066 1545 2118 1587 fa-

174 1622 256 1649 cere
274 1606 482 1647 statuissem.
539 1610 580 1645 In
597 1606 664 1646 hac
683 1617 782 1646 certe
800 1605 920 1646 verbis
937 1608 989 1645 vti
1005 1605 1154 1658 placuit,
1179 1619 1274 1660 quae
1295 1605 1352 1645 illa
1370 1608 1466 1645 inter
1483 1604 1519 1645 se
1535 1604 1652 1645 veluti
1668 1605 1776 1646 relata
1792 1601 1940 1657 διάφοξοι
1957 1603 2118 1655 vastem,

174 1675 212 1706 et
227 1661 372 1709 πλεῖτε
397 1660 557 1711 ὠφέλουν,
589 1660 694 1702 simili
712 1662 894 1702 relatione
911 1665 1182 1714 exprimerent:
1211 1672 1248 1702 et
1266 1663 1490 1715 Opportunius
1507 1672 1619 1717 atque
1638 1662 1922 1714 opportunitatem
1939 1660 2018 1700 dixi
2030 1666 2118 1712 (pro

173 1719 312 1776 quibus
331 1718 354 1758 fi
370 1720 453 1768 quis
464 1720 666 1766 Commodius
682 1728 718 1758 et
729 1719 992 1758 Commoditatem
1010 1717 1125 1768 malit,
1138 1731 1216 1758 non
1234 1717 1338 1758 valde
1356 1719 1598 1770 repugnem),
1609 1726 1648 1758 vt
1666 1716 2118 1768 ostenderem‚Thucydi-
2164 1725 2166 1750 ἵ

177 1779 215 1817 di
233 1776 332 1816 idem
350 1775 457 1827 plane
484 1773 773 1828 ξυμφοςωτοίτους
796 1772 871 1816 εἶναι
899 1784 935 1813 et
958 1774 1104 1821 πλεῖᾳα
1129 1774 1265 1823 ὠφελεῖν
1289 1773 1501 1826 fignificare.
1557 1773 1622 1819 Ad
1647 1773 1757 1815 verba
1784 1785 1911 1814 autem
1933 1772 1990 1813 illa
2011 1771 2118 1828 quod
2164 1787 2166 1794 ·

177 1835 321 1882 attinet,
349 1832 377 1872 ἐν
392 1829 515 1880 τούτῳ,
545 1839 582 1870 et
599 1831 625 1871 ὲν
640 1829 765 1873 ἄλλοις
780 1831 930 1874 πολλοῖς
944 1830 1048 1884 poffe
1063 1831 1107 1871 ad
1124 1828 1236 1881 τούτῳ
1254 1830 1444 1871 subaudiri
1459 1844 1538 1871 non
1555 1830 1679 1871 solum
1697 1828 1912 1884 πράγματι,
1928 1829 1989 1870 sed
2005 1831 2120 1869 etiam

176 1889 295 1942 καιρῷ,
322 1897 358 1928 et
374 1900 442 1940 pro
458 1889 499 1925 In
517 1888 576 1926 liae
590 1901 651 1925 vna
666 1901 710 1933 re,
738 1886 841 1939 posse
858 1890 970 1927 etiam
984 1889 1077 1927 verti
1096 1890 1135 1926 In
1152 1888 1211 1924 lzoc
1230 1901 1291 1926 vno
1307 1887 1418 1941 fabio,
1446 1885 1539 1927 alius
1556 1890 1624 1928 erit
1642 1887 1806 1927 docendi
1828 1887 1946 1926 locus.
2004 1885 2119 1925 Nunc

177 1942 393 1997 germanam
411 1942 525 1982 huius
544 1942 618 1982 loci
643 1942 863 1982 sententiam
887 1942 1078 1984 declaraffe
1093 1942 1134 1983 fit
1160 1943 1258 1984 satis:
1283 1958 1302 1984 a
1326 1958 1398 1998 qua
1415 1953 1528 1998 quam
1553 1943 1687 1996 procul
1709 1942 1889 1984 leciorem
1905 1942 1990 1982 suae
2008 1945 2119 1982 inter-

178 2003 397 2056 pretationis
416 1999 621 2049 Seyffellius
639 1998 807 2050 abducat,
831 2002 943 2040 etiam
963 1999 1128 2040 Gallicae
1144 1999 1293 2052 linguae
1310 2003 1490 2054 imperitis
1506 2006 1645 2054 (quum
1665 2002 1747 2040 eius
1767 1999 1907 2040 Gallica
1923 1998 2033 2039 verba
2047 2002 2119 2039 La-

171 2061 255 2098 tina
270 2056 442 2107 fecerim)
461 2055 707 2096 iudicandum
724 2056 910 2111 relinquo.
969 2058 1170 2097 Caeterum
1186 2056 1246 2096 vel
1260 2072 1307 2097 ex
1323 2056 1400 2097 hoc
1418 2070 1497 2096 vno
1514 2057 1603 2097 loco
1620 2055 1880 2097 coniecturam
1897 2056 1978 2095 fieri
1992 2055 2119 2102 velim,

178 2114 300 2169 qualia
319 2115 668 2165 interpretationum
693 2113 856 2152 monstra
875 2113 974 2153 Valla
998 2123 1034 2153 et
1053 2112 1258 2164 Seyffellius
1286 2109 1648 2167 nobis'pepererinti
1679 2127 1769 2153 cum
1790 2111 1928 2166 quibus
1942 2125 2018 2164 ego
2033 2111 2120 2152 licet

176 2173 352 2212 acerrime
376 2167 527 2223 (quoad
545 2182 609 2220 per
632 2172 814 2221 temporis
837 2170 1020 2221 angustias
1035 2169 1156 2216 licuit)
1181 2170 1411 2220 bellauerim,
1443 2183 1522 2211 non
1539 2172 1667 2211 onmia
1685 2168 1878 2217 debellasse
1895 2178 2031 2219 tamen,
2058 2167 2121 2208 sed
2153 2188 2162 2194 -

176 2226 293 2268 multa
320 2229 359 2265 in
385 2239 514 2265 meum
531 2224 840 2265 Annotationum
865 2226 1003 2267 librum
1027 2226 1229 2277 reseruasse,
1253 2226 1313 2266 vel
1336 2229 1463 2279 potius
1489 2226 1580 2276 aliis,
1609 2229 1674 2278 qui
1691 2227 1908 2278 praeuenire
1923 2224 2028 2264 illum
2049 2237 2119 2263 vo-

176 2283 266 2332 lent,
296 2282 511 2322 debellanda
537 2282 721 2335 reliquisse
746 2280 873 2323 fateor.
932 2283 1037 2329 Vale,
1061 2282 1191 2333 leflor,
1219 2292 1256 2323 et
1271 2286 1422 2323 interim
1438 2282 1551 2323 hosce
1568 2295 1675 2323 meos
1693 2282 1852 2335 labores,
1879 2283 1946 2337 qui
1961 2280 2028 2321 tibi
2043 2280 2120 2336 adi?

177 2348 261 2380 tum
277 2338 324 2378 ad
338 2337 566 2391 praeclarum
581 2338 798 2391 scriptorem
818 2337 1083 2392 patefecerunt,
1113 2338 1206 2379 boni
1225 2339 1390 2380 consule.
1443 2349 1446 2352 ’

233 2429 379 2469 HVlC
406 2429 488 2469 AD
516 2429 856 2470 LECTOREM
886 2424 1218 2470 EP1sToLAE³
1245 2401 1535 2470 AD1ECTA'
1559 2423 1720 2471 HAEC
1751 2429 1812 2468 lN
1842 2407 2037 2470 PosTE

666 2488 668 2493 ⁴
732 2486 914 2526 RIORE
948 2488 1249 2527 ED1T10NE
1283 2488 1572 2542 FvERvNT.
2031 2512 2034 2513 ν

218 2572 220 2574 ’
275 2568 341 2608 Ista
367 2567 522 2622 quidem
548 2567 655 2619 olim,
688 2567 815 2613 led'tor,
846 2571 1013 2621 priorem
1039 2571 1078 2608 in
1098 2569 1307 2610 editionem
1333 2566 1517 2621 praefatus
1541 2568 1639 2607 sum:
1670 2565 1732 2608 sed
1750 2565 2061 2621 quandoquidem
2081 2565 2123 2604 in

176 2622 244 2665 hac
266 2625 483 2677 posteriore²
516 2625 634 2666 labori
658 2627 778 2678 veteri
804 2631 956 2666 nouum
983 2625 1113 2677 adieci,
1139 2638 1209 2679 par⁴
1225 2625 1287 2675 est,
1310 2635 1351 2665 vt
1373 2625 1419 2665 ad
1436 2630 1490 2676 ea,
1521 2637 1619 2678 quae
1643 2623 1696 2664 ibi
1712 2624 1803 2674 dixi,
1832 2621 1973 2677 aliquid
1989 2621 2137 2666 itidem*
