2239 2818
654 29 1352 84 PROPARA'SCVE.

4 163 10 166 -
35 135 191 178 stibiungit,
206 146 279 177 quae
295 134 492 167 subaudienda
506 135 577 166 sunt.
618 135 731 165 Verum
746 144 783 164 ex
800 134 844 165 his
854 135 909 164 alia
923 135 984 174 qui-

38 182 105 211 dem
121 177 186 212 οὶπό
204 181 302 211 κοινοῦ
322 177 416 218 (quod
437 177 578 216 loquendi
601 186 697 216 genus
720 184 804 206 antea
822 176 985 215 exposstum

38 223 117 258 sut,
139 222 192 251 alia
208 230 306 250 autem
328 220 446 251 collefi’ta
461 219 579 258 quidem
595 219 690 255 exiis,
712 228 789 257 quae
802 219 878 256 apud
895 217 985 257 ipsum

37 255 208 302 scriptoiem
227 260 457 302 praemiserunt,
479 258 525 289 sed
543 261 588 296 ita,
613 267 641 289 vt
656 259 695 296 id,
715 259 795 298 quod
810 258 900 289 sensui
919 269 985 289 con·

37 301 211 336 sentaneum
227 304 274 338 iit.
289 313 364 336 non.
373 300 471 332 autem
487 302 612 340 aliquam
630 311 733 332 vocem
749 309 798 330 aut
813 302 920 340 aliquas
937 311 984 331 vo-

39 357 88 378 ces
103 357 140 377 ex
157 344 217 386 ipso
234 352 314 375 textu
331 342 435 373 sumtas
451 341 610 372 subaudiat.
654 345 728 374 Sunt
749 352 833 377 vero,
863 351 894 373 et
908 352 984 382 quae

37 387 253 421 subaudiuntur.
276 381 399 417 οἴκοθεν
413 385 534 414 omnino
551 385 644 414 allata.
688 387 787 423 Atque
803 393 831 413 vt
846 385 984 424 incipiam

38 430 74 460 ab
86 430 130 465 iis,
146 425 294 468 quaeadm-3
307 428 404 458 κοινοῦ
413 425 502 456 sumta
515 425 729 460 subaudiuntur,
740 427 863 466 legimus
876 438 902 466 p,
918 435 983 465 177.

35 467 235 512 α”νεχώρηο-αν
260 466 293 500 δὲ
320 466 374 500 καὶ
397 469 425 500 οἰ
447 468 605 506 Ἀθηναῖοι
633 470 704 504 ταῖς
730 464 842 500 ἑκατὸν
869 465 985 506 ναυσὶν,

34 509 138 548 ἐπειδὴ
157 509 211 543 καὶ
226 508 354 547 ἐκείνους
367 504 450 546 εἶδον,
469 510 515 538 vbi
529 509 702 543 scholiastes,
717 506 984 555 ἀναχωρήσαντας

39 550 182 592 δηλονότι.
228 552 275 582 Sic
298 560 367 581 vero
387 551 417 581 in
439 552 587 591 plerisque
607 551 676 582 locis
698 552 843 585 inuenies,
879 549 984 589 ἐπειδῆ

39 594 92 628 καὶ
118 592 246 630 ἐκείνους
269 589 380 636 ἑώρων,
409 602 457 623 aut
481 593 536 623 hoc
559 591 650 632 ipsum
674 589 770 631 εἶδον,
799 593 847 622 vbi
867 593 982 624 ‘itidem

39 636 241 678 praecedentis
256 637 339 665 verbi
354 635 537 673 participium
553 633 783 664 subaudiendum
798 636 981 674 relinquitur.

39 678 122 710 Idem
134 686 163 707 et
180 676 244 716 post
261 674 437 715 ἠσθάνοντο
450 675 513 706 fieri
527 677 657 706 videmus
671 687 698 716 p.
714 685 785 715 490.
802 687 867 706 nam
884 679 913 706 in
931 676 983 706 ista

37 720 184 759 scriptoris
204 711 291 749 huihs
317 719 417 753 verba,
453 715 665 763 α’ντεπλῆρουν
690 717 750 755 τοὶς
777 720 848 755 ναῦς
876 715 983 756 eti-9125,

31 759 138 800 ἐπειδὴ
161 760 214 793 καὶ
236 756 308 796 τούς
331 759 511 797 Ἀθηναίους
529 758 724 801 ᾐσθάνοντο,
754 759 916 790 scholiastes
935 770 981 789 an-

17 811 134 840 Νηοῐειῐ,
162 803 356 844 πληροῦντας
378 798 516 839 ὃηλονὲτι
539 801 597 837 ταὶς
619 803 696 837 ναῦς.
730 801 774 831 vbi
801 810 899 832 tamen
922 801 980 831 iim

37 846 106 884 plex
133 854 186 883 pro
215 843 375 881 compotitd
403 841 668 885 οἰντιπληροῧντας
695 843 850 880 habemus,
891 852 981 881 quum

36 880 224 926 prdecefferir
241 880 453 928 α’ντεπλῆρουν
464 907 473 922 ,
502 895 562 914 non
577 883 735 928 ἐπλήρουν.
778 885 836 915 Sed
850 886 982 915 mutatio-

13 959 16 962 ,
38 937 108 958 nem
124 928 202 957 illam
221 936 320 956 errore
337 926 445 955 librarii
465 925 616 966 contigiffe
632 926 775 958 credibile
793 927 843 957 est.
887 928 981 957 inter-

37 969 107 1000 dum
123 979 192 999 vero
207 969 237 998 in
254 978 291 998 eo
308 975 408 1007 peccat
421 967 466 998 hic
484 966 662 1006 scholiastes,
685 969 777 1008 quod,
801 979 890 1008 quum
909 969 981 998 illud

36 1010 143 1041 infiniti
158 1011 238 1040 modi
247 1009 369 1040 verbum
384 1009 490 1039 habeat
502 1010 579 1049 apud
594 1009 809 1049 Thucydidem,
825 1010 904 1049 quod
918 1008 980 1040 sub·

38 1052 218 1085 audiendum
240 1053 271 1081 in
286 1050 471 1090 sequentibus
486 1051 540 1088 est,
563 1051 641 1081 aliud
664 1051 777 1082 afferat.
822 1055 932 1082 Verum
950 1052 979 1081 id

39 1093 166 1126 excusari
179 1093 259 1132 posse
273 1093 387 1123 videtur
401 1093 521 1123 alicubi:
539 1093 574 1123 fic
582 1102 689 1129 tamen,
705 1102 732 1123 vt
749 1093 827 1123 haud
842 1092 933 1130 sciam,
944 1104 982 1123 an

0 1134 2 1136 ’
38 1135 255 1167 excusationem
276 1143 424 1165 mereatur
448 1134 588 1165 hocloco
614 1137 739 1175 paginae
762 1143 827 1174 117.
851 1134 905 1168 καὶ
929 1137 983 1174 τ’ἡς

38 1176 135 1216 ἄλλης
153 1176 353 1219 Ἀκαρνανίας
379 1177 433 1215 τ’ἢς
455 1175 526 1218 περὶ
549 1173 725 1210 θάλασσαν
753 1173 813 1215 ἔςιν
839 1175 861 1209 οἳ
883 1179 984 1219 χωρία

37 1217 220 1261 βουλόμενοι
237 1214 534 1261 προσποιήσασθαι,
560 1216 614 1250 καὶ
628 1215 851 1261 πειραθέντες,
873 1219 914 1256 ὠς
931 1217 986 1250 οὐκ

33 1259 204 1299 ἐδύναντο,
235 1256 398 1292 ἀπέπλεον
420 1258 470 1292 ἐπ’
495 1256 584 1292 οἴκου.
628 1263 685 1290 Hic
706 1262 787 1290 enim
808 1271 898 1298 quum
921 1257 987 1292 οἱπό

7 1323 10 1326 ·
40 1305 139 1336 κοινοῦ
158 1303 253 1341 repeti
273 1311 362 1340 queat
384 1302 679 1346 προσποιήσασθαι,
702 1300 864 1333 scholiastes
884 1311 984 1332 tamen

41 1344 120 1378 aliud
138 1344 260 1374 verbum
282 1342 381 1373 affert:
411 1344 548 1373 videlicet
567 1339 686 1381 λαβεῖν.
727 1354 792 1373 nam
813 1345 876 1383 post
895 1344 985 1373 verba

22 1396 25 1398 '
40 1386 131 1421 haec,
154 1395 172 1416 e
187 1393 268 1416 textu
283 1383 385 1420 sumta,
407 1384 449 1422 ὦς
466 1384 520 1417 οὐκ
533 1382 692 1424 ἠδύναντο,
715 1386 855 1425 legimus,
874 1383 987 1423 λαβεῖν

41 1425 186 1467 δηλονότι.
230 1429 269 1457 At
291 1436 359 1456 vero
387 1427 434 1455 vbi
455 1427 558 1456 dicitur
580 1427 734 1465 Ἀθηναῖοι
759 1424 912 1465 δηλονότι,
939 1428 986 1456 vel

41 1466 292 1510 Λακεδαιμόνιοι,
321 1468 380 1498 flue
400 1465 659 1506 Πελοποννήσιοι,
695 1468 754 1499 flue
774 1465 986 1512 Συρακούσιοι,

41 1521 91 1543 aut
108 1511 182 1541 haec
202 1511 321 1540 nomina
335 1511 392 1539 alio
412 1511 442 1539 in
466 1509 528 1540 casu
551 1520 717 1549 ponuntur,
743 1512 811 1540 talia
833 1510 985 1541 sumuntur

19 1553 162 1594 -.quidem
181 1552 286 1588 exiis,
311 1562 387 1591 quae
402 1551 477 1590 apud
495 1550 585 1590 ipsum
607 1550 774 1591 scriptorem
794 1553 985 1592 praecedunt.

43 1595 91 1626 fed
106 1604 168 1625 non
187 1603 285 1624 tamen
302 1595 349 1631 ita,
366 1604 393 1623 vt
412 1602 645 1624 annumerentur
660 1595 702 1629 iis,
723 1604 797 1633 quae
813 1593 878 1627 α’πὸ
893 1595 988 1627 κοινοῦ

43 1639 168 1677 repetita
183 1634 403 1666 subaudiuntur.
446 1637 493 1666 Sic
509 1635 614 1675 pamm,
630 1635 678 1665 rbi
692 1636 777 1666 alicui
792 1638 905 1666 nomini
921 1646 975 1675 pro

43 1681 106 1720 prio
121 1677 303 1718 subiungitur
320 1673 465 1715 δηλονότι,
488 1686 536 1708 aut
550 1678 635 1708 alicui
650 1687 762 1713 eorum,
788 1688 863 1717 quae
875 1675 990 1711 ἐθνικοὶ

43 1730 190 1752 vocantur.
209 1727 241 1749 vt
257 1731 283 1759 p.
303 1727 368 1757 117.
386 1720 438 1749 col.
461 1727 483 1750 1.
501 1715 623 1762 ῗΗρχον
637 1718 670 1752 δὲ
688 1720 743 1759 τ’ἧς
760 1720 902 1763 ςρατιᾶς]
927 1721 990 1752 τῶν

45 1762 211 1807 Κορινθίων
239 1759 387 1800 δηλονότι.
417 1768 447 1790 et
473 1761 566 1791 statim
591 1762 669 1800 post,
707 1761 907 1803 Κατήγαγον]
936 1760 990 1794 τὸν

43 1802 187 1846 Εὖαρχον
206 1801 354 1841 δηλονότι.
400 1804 446 1834 Sic
467 1804 570 1839 etiam,
605 1803 653 1833 vbi
673 1803 840 1842 pronomini
864 1804 988 1834 relatiuo

45 1844 230 1884 subiungitur
247 1845 283 1882 id,
305 1846 387 1875 cuius
404 1844 446 1874 est
463 1845 574 1880 relatio,
597 1844 714 1883 αὐτοῖς,
738 1848 803 1883 τοῖς
816 1847 990 1883 Ἀθηναίοις

49 1883 202 1925 δηλονότι,
242 1888 288 1916 vel
316 1885 571 1929 Λακεδαιμονίοις.
626 1887 673 1917 Sic
702 1888 801 1917 datiuo
828 1886 916 1930 αὐτῷ
945 1888 991 1916 vel

43 1927 154 1971 ,ἐκείνῳ
170 1926 348 1967 subiungitur
362 1938 483 1966 nomen,
499 1929 581 1958 cuius
595 1925 636 1958 est
647 1929 810 1966 relmiuum,
833 1929 930 1959 addito
945 1928 992 1958 ad-

24 1994 27 1998 .
50 1970 152 2000 verbio
167 1967 315 2007 ὃηλονότι.
358 1970 416 2000 Sed
432 1971 607 2009 plerumque
625 1972 768 2000 omittitur
783 1969 927 2010 δηλονότι.
963 1978 992 1999 rt

50 2023 80 2052 p·
100 2016 146 2048 82-
170 2007 278 2043 Οἴσειν
297 2011 396 2055 αὐτῷ]
420 2012 466 2053 τῷ
486 2015 642 2055 Περικλεῖ.
685 2013 759 2042 Item
780 2010 888 2051 αὐτὸς]
912 2015 981 2044 Παυ

48 2052 167 2090 σανίας.
209 2054 246 2082 Et
259 2063 285 2091 p.
303 2056 350 2091 83.
373 2052 478 2096 Αὐτῷ]
497 2055 544 2097 τῷ
560 2051 754 2098 Ἀρταβοίζῳ.
798 2058 870 2085 Item
886 2053 993 2097 Αὐτῷ]

52 2096 99 2138 τῷ
114 2094 230 2138 Πέρση.
272 2096 347 2123 Item
363 2104 454 2133 quum
472 2095 518 2132 id,
540 2096 619 2135 quod
632 2107 648 2125 a
663 2098 840 2136 pronomine
858 2096 994 2132 refertur,

50 2139 96 2168 est
109 2132 217 2166 nomen
234 2136 450 2175 appellatiuum.
481 2144 511 2166 vt
524 2137 629 2166 eadem
643 2138 691 2168 illa
711 2149 737 2177 p.
754 2143 799 2174 82.
816 2138 924 2180 Αὐτῷ]
947 2139 995 2180 τῷ

51 2178 131 2219 ἄγει.
174 2180 272 2216 Atque
288 2177 362 2207 adeo
381 2188 418 2207 ex
432 2178 504 2207 loeis
521 2188 581 2208 non
597 2179 697 2209 vicinis
713 2178 818 2217 solum,
841 2179 889 2210 sed
905 2181 994 2211 conti-

55 2223 120 2261 guis
134 2220 220 2249 exiam
235 2219 402 2254 interdum,
431 2229 501 2248 vnus
521 2220 694 2250 aduerbium
711 2222 782 2252 illud
797 2222 901 2256 habet,
925 2223 997 2251 alter

53 2262 187 2291 minime:
209 2262 298 2301 quum
313 2270 413 2290 tamen
426 2261 581 2299 vtrobique
598 2261 676 2292 idem
691 2262 723 2292 iit
735 2264 932 2294 annotationis
948 2272 997 2301 ge-

54 2313 120 2334 nus.
142 2303 199 2333 Sed
212 2305 393 2342 plerumque,
409 2302 468 2332 niue
482 2302 572 2341 polito
588 2304 639 2332 illo
653 2303 801 2339 aduerbio,
815 2305 875 2335 flue
886 2303 999 2339 omifl'o,

55 2344 95 2375 de
109 2354 145 2374 eo
161 2345 333 2374 admonetur
346 2345 451 2378 lector,
477 2345 514 2373 de
527 2354 586 2382 quo
603 2344 736 2375 dubitare
751 2348 832 2376 nullo
847 2347 930 2386 pac'to
945 2356 999 2386 po-

55 2394 144 2418 terat:
169 2393 198 2415 et
212 2389 250 2416 ita
264 2387 392 2425 quidem,
415 2394 442 2416 vt
460 2385 566 2416 alicubi
581 2385 696 2417 turbare
711 2388 798 2417 etiam
812 2388 1000 2427 quodammo-

59 2427 96 2458 do
110 2428 258 2464 leilorem,
274 2437 323 2458 aut
336 2426 433 2458 saltem
449 2428 637 2466 interpellare
653 2427 725 2458 haec
739 2429 898 2460 admonitio
911 2429 944 2468 (fi
961 2431 1000 2460 ita

55 2469 86 2500 id
105 2469 264 2499 vocandum
281 2470 336 2507 est)
354 2469 445 2508 poffit.
488 2470 623 2507 Exempli
641 2471 748 2509 gratia,
771 2482 798 2509 p.
818 2480 885 2511 144.
903 2473 955 2501 col.
975 2480 998 2502 1.

55 2510 115 2544 Καὶ
129 2510 314 2554 παρέσχετε
328 2506 437 2552 αὐτὴν]
458 2513 485 2545 οἱ
500 2510 571 2546 θεοὶ
587 2510 735 2550 δηλονότι.
757 2513 859 2551 Quum
872 2514 952 2544 enim
968 2514 1001 2553 is,

99 2560 193 2585 TOM.
213 2560 245 2583 ll.

1917 66 1977 99 473

1028 146 1044 165 a
1059 145 1118 174 quo
1134 135 1182 166 ista
1202 136 1336 166 dicuntur
1353 129 1515 177 alloquatur'
1533 137 1613 176 deos,
1637 147 1725 178 atque
1741 140 1769 169 id
1790 132 1978 182 manifestum

1028 177 1068 213 fit,
1090 188 1151 207 non
1167 179 1313 208 immerito
1329 180 1452 209 mitetur
1468 180 1568 216 lector,
1584 191 1634 210 cur
1648 181 1703 210 hoc
1717 191 1883 220 annotetur,
1901 186 1978 224 quasi

1028 220 1129 257 aliquis
1148 230 1207 249 nou
1223 220 1387 250 admonitus
1403 221 1474 250 illud
1491 218 1677 264 παρέσχετε
1692 223 1730 253 de
1745 225 1816 259 aliis,
1837 236 1923 264 quam
1939 227 1978 257 de

1031 261 1090 291 Diis
1114 261 1196 299 possit
1219 262 1400 302 intelligere.
1443 262 1524 292 Idem
1544 264 1702 294 dicendum
1719 275 1747 295 et
1764 266 1800 295 de
1821 267 1875 297 hoc
1898 270 1979 309 pagi-

1028 312 1084 332 nae
1099 305 1137 334 62
1164 303 1245 336 loco,
1269 305 1323 333 col.
1343 312 1365 334 1.
1390 302 1601 343 Καταβάντες
1619 305 1652 343 ἐς
1672 305 1782 347 αὐτόν]
1809 310 1848 347 τῆ
1869 307 1976 351 ’γνώμη

1028 341 1168 382 δηλονότι
1193 342 1433 386 Θεμιςοκλέους.
1479 356 1546 376 nam
1573 357 1662 387 quum
1686 347 1747 387 ipse
1774 345 1976 390 Ththtydudes',

1027 385 1065 415 de
1079 386 1280 416 Themistocle
1297 387 1433 425 loquens,
1456 387 1538 424 dicat,
1563 387 1616 422 καὶ
1632 387 1786 428 πολλάκις
1803 395 1867 430 τοῖς
1883 391 1978 432 Ἀθη·

1027 425 1117 464 ναιόις
1133 423 1265 473 παρῄνει
1288 425 1321 466 ἧν
1337 426 1393 471 ἄρα
1409 430 1490 461 ποτὲ
1509 428 1596 462 nav-02
1608 432 1664 472 ’γ’ἦν
1679 429 1854 469 βιασθῶσι,
1879 446 1977 467 κατα-

1025 467 1149 507 βοὶντας
1166 469 1194 505 ἐς
1212 468 1306 501 αὐτὸν
1323 473 1393 504 ταῖς
1416 469 1517 505 ναυσὶ,
1540 480 1595 501 etc.
1611 472 1747 512 quorsum
1765 475 1792 504 in
1811 474 1860 504 ista
1879 476 1975 512 rerba,

1026 507 1237 548 καταβάντας
1257 510 1288 547 ἐς
1307 509 1419 550 αὐτὸν,
1441 521 1505 541 eam
1529 512 1612 544 fuifl'e
1630 514 1835 546 Themistoclis
1859 515 1975 550 senten·

1026 553 1094 582 tiam
1122 554 1296 582 annotatur?
1333 554 1489 583 Secundae
1519 563 1615 584 autern
1643 555 1847 587 subauditionis
1872 569 1975 591 exem-

1025 595 1107 633 plum
1121 593 1210 624 habes
1229 605 1255 633 p.
1274 603 1343 634 125.
1357 595 1387 624 in
1404 594 1477 625 haec
1491 596 1587 632 verba,
1610 599 1691 641 κοινῇ
1704 598 1763 641 ’γάρ
1779 597 1822 631 τοὶ
1835 598 1973 642 σώματα

1025 631 1169 673 διδόντες.
1193 646 1259 665 nam
1281 646 1347 665 cum
1365 636 1429 672 hisr
1451 638 1494 668 τοὶ
1511 634 1648 680 σώματα
1665 638 1815 678 διδόντες.
1841 640 1972 674 subaudi-

1025 677 1133 707 endum
1157 676 1255 707 censet
1282 677 1324 715 εἰς
1348 675 1491 720 πόλεμον.
1524 689 1645 711 annotat
1667 682 1748 711 enim
1772 682 1814 719 εἰς
1832 681 1972 726 πόλεμον

1024 717 1172 757 δηλονότι.
1216 721 1263 750 Sic
1284 721 1372 749 eriam
1401 731 1429 759 p.
1451 729 1518 759 243.
1543 721 1588 750 vbi
1611 721 1760 764 χαλεπὸν
1780 721 1811 757 ὅν
1835 724 1971 764 scriptum

1025 762 1083 796 est,
1114 761 1199 796 dicit,
1229 761 1271 797 εἰς
1299 759 1447 797 ἐπιῖΘασιν
1472 760 1619 800 δηλονότι.
1661 765 1765 795 Itidem
1794 777 1822 804 p.
1844 775 1907 806 490
1938 769 1971 801 in

1025 803 1098 832 haec
1121 803 1226 837 verba.
1256 801 1330 845 ὅπερ
1351 800 1533 844 πάσχουσιν
1553 805 1582 838 ἐν
1601 809 1666 843 τοῖς
1684 805 1833 848 μεγαλοις
1857 810 1974 850 οἷ’γῶσι,

1025 852 1162 879 annotat,
1198 845 1226 876 oi
1249 843 1408 889 ἄνθρωποι
1432 842 1578 883 δηλονότι.
1623 850 1687 877 Non
1712 850 1790 878 enim
1819 852 1971 888 praecessit

1024 886 1100 925 apud
1117 887 1195 916 hunc
1210 885 1378 924 scriptorem
1397 887 1469 916 istud
1486 889 1672 924 vocabulum,
1697 889 1743 920 sed
1765 890 1859 923 sensus
1874 893 1971 925 osten-

1025 928 1067 958 dit
1093 926 1153 957 esse
1177 926 1415 958 subaudiendum.
1459 929 1506 959 Sic
1528 940 1554 968 p.
1580 939 1645 970 135.
1665 932 1710 960 vbi
1732 942 1796 962 cum
1818 935 1972 976 περιγενέ-

1024 971 1106 1002 σθαι
1133 968 1265 999 subaudit
1288 971 1342 1002 τὸν
1369 967 1495 1014 ἐχθρόν.
1524 970 1619 1002 scribit
1642 975 1736 1009 enim,
1773 975 1826 1008 τὸν
1851 975 1972 1020 ἐχθξδν

1024 1008 1171 1051 δηλονότι.
1219 1011 1276 1042 Sed
1300 1012 1489 1050 deprauatum
1513 1012 1572 1044 effe
1593 1023 1666 1054 puto
1688 1017 1852 1055 genitiuum
1874 1020 1970 1057 plura-

1024 1055 1083 1083 lem
1110 1054 1174 1087 τῶν
1196 1053 1325 1098 ἐχθρῶν
1345 1055 1375 1083 in
1397 1053 1588 1084 accusatinum
1614 1057 1696 1086 illum
1719 1058 1892 1099 fingularem
1917 1058 1972 1095 τὸν

1026 1092 1154 1140 ἐχθρόν·
1196 1097 1309 1125 Dicitur
1334 1097 1414 1125 enim
1434 1097 1652 1141 περιγίνεσθαι
1674 1101 1737 1132 τῶν
1758 1100 1915 1143 πολεμίων
1934 1103 1971 1132 ab

1027 1137 1086 1176 ipso
1102 1146 1219 1176 quoque
1234 1137 1426 1177 Thucydide,
1450 1139 1595 1176 iungente
1611 1149 1642 1169 et
1662 1151 1727 1170 cum
1744 1143 1806 1171 aliis
1822 1145 1971 1183 genitinis.

1028 1177 1152 1208 Fortasse
1175 1187 1274 1209 tamen
1290 1179 1336 1208 hic
1351 1189 1367 1208 a
1382 1179 1563 1220 Thucydidis
1579 1190 1660 1211 textu
1678 1182 1888 1215 discedendum
1911 1196 1972 1216 non

1026 1220 1130 1256 fuerit,
1169 1228 1198 1249 vt
1225 1221 1394 1250 inueniatur
1416 1222 1495 1260 quod
1519 1222 1665 1253 subaudiri
1683 1233 1749 1264 apte
1777 1226 1874 1265 possit:
1914 1226 1973 1266 sed,

1026 1271 1116 1301 quum
1130 1261 1328 1300 praecefferit,
1349 1259 1366 1299 ἧ
1386 1259 1549 1305 εἴξαντας,
1572 1262 1666 1302 ede-123
1686 1270 1752 1303 τοῖς
1773 1269 1878 1305 πέλας
1894 1268 1974 1303 ὑπα-

1025 1305 1150 1338 κοῦσαι,
1174 1300 1191 1340 ἢ
1206 1302 1473 1343 κινδυνεύσαντας,
1493 1307 1735 1350 περιγενέσθαι,
1758 1309 1873 1340 sortass‘e
1889 1312 1972 1344 recti-

1026 1355 1059 1375 us
1078 1355 1142 1374 cum
1156 1345 1381 1389 περιγενέσθαι
1399 1354 1571 1385 repetemus
1586 1349 1650 1381 τῶν
1664 1349 1777 1386 πέλας.
1817 1354 1906 1382 Hunc
1923 1363 1973 1383 au-

1027 1395 1087 1417 tem
1103 1387 1137 1415 ad
1154 1388 1250 1416 locum
1265 1388 1410 1425 pertinet,
1438 1388 1517 1427 quod
1538 1399 1564 1427 p.
1581 1394 1648 1428 158.
1671 1391 1699 1420 in
1721 1391 1852 1422 datiuum
1874 1392 1973 1438 ἐρήμῳ

1026 1436 1163 1464 annotat,
1187 1426 1340 1467 βοηθείας
1357 1426 1503 1467 δηλονότι.
1527 1430 1687 1470 itidemque
1707 1443 1731 1471 p.
1751 1439 1798 1473 48-
1815 1435 1844 1464 in
1861 1446 1974 1469 nomen

1027 1469 1233 1500 substantiuum
1255 1470 1392 1516 ἐρημίαν,
1419 1481 1456 1501 ex
1474 1472 1525 1502 illo
1540 1472 1684 1503 adieetiuo
1704 1474 1828 1511 failum,
1852 1473 1975 1518 συμμα-

1027 1511 1104 1555 χίας
1120 1509 1269 1551 δηλονότι.
1313 1514 1359 1543 Sic
1373 1514 1402 1543 in
1416 1513 1511 1555 ὀλίγῳ
1525 1515 1685 1554 aliquoties,
1706 1517 1814 1561 μέτρῳ
1828 1515 1976 1556 δηλονότι.

1029 1556 1143 1593 }-lisque
1161 1555 1245 1584 adiici
1268 1555 1323 1584 alia
1343 1555 1434 1584 multa
1455 1555 1586 1594 possunt:
1615 1567 1653 1586 ex
1675 1559 1779 1597 quibus
1801 1560 1857 1597 est,
1888 1560 1977 1599 ι’κανῆ

1029 1595 1182 1634 ἔσεσθαι,
1204 1593 1248 1633 εἷς
1270 1594 1392 1641 τροφήν
1413 1594 1560 1636 δηλονότι.
1582 1609 1609 1638 p.
1627 1608 1694 1639 144.
1739 1601 1897 1632 Caeterum
1914 1613 1978 1634 non

1030 1638 1101 1668 duas
1117 1646 1230 1668 tantum
1245 1647 1294 1668 aut
1310 1647 1384 1674 tres,
1407 1638 1456 1669 sed
1470 1641 1568 1678 plures
1585 1641 1672 1670 etiam
1691 1651 1776 1672 voces
1792 1643 1896 1673 alicubi
1914 1643 1979 1674 sub·-

1030 1679 1126 1715 audit,
1149 1689 1198 1709 eas
1214 1678 1295 1709 sensu
1311 1678 1372 1719 ipso
1390 1681 1470 1711 velut
1489 1681 1624 1712 dietante.
1668 1691 1697 1712 vt
1712 1683 1837 1722 quodam
1853 1686 1883 1715 in
1902 1687 1977 1720 loco,

1030 1718 1140 1754 miv-ret
1160 1720 1269 1763 ὁμοίως
1287 1721 1341 1753 καὶ
1356 1721 1441 1755 κοινοὶ
1460 1722 1514 1756 καὶ
1535 1722 1599 1768 ιἐροὶ
1621 1722 1770 1762 δηλονότι.
1813 1727 1979 1767 Itidemque

1031 1773 1058 1802 p.
1078 1765 1148 1803 236.
1192 1763 1238 1794 Ad
1259 1764 1377 1794 tertium
1395 1774 1464 1794 vero
1485 1765 1703 1796 Subauditionis
1721 1777 1817 1807 genus
1839 1770 1917 1808 quod
1939 1778 1980 1800 at·

1032 1806 1123 1841 tinet;
1154 1815 1192 1835 ex
1210 1805 1261 1842 iis,
1283 1815 1359 1845 quae
1381 1802 1506 1839 οἴκοθεν
1527 1808 1648 1837 omnino
1665 1808 1700 1838 ad
1719 1819 1783 1839 eam
1804 1809 1978 1845 afferuntur,

1033 1846 1096 1877 sunt
1113 1848 1272 1884 nonnulla,
1300 1857 1375 1887 quae
1394 1858 1430 1878 ex
1446 1850 1502 1878 alio
1525 1848 1676 1888 scriptore,
1698 1859 1748 1880 aut
1771 1862 1809 1881 ex
1828 1854 1883 1883 alio
1905 1854 1980 1884 eius-

1033 1888 1102 1919 dem
1119 1887 1260 1928 scriptoris
1276 1889 1352 1926 loco,
1371 1890 1406 1920 ad
1423 1899 1497 1926 eam,
1512 1890 1550 1921 de
1567 1901 1622 1930 qua
1632 1893 1735 1932 agitur,
1751 1903 1814 1924 rem
1829 1896 1980 1935 pertinen·

1034 1932 1073 1961 tia
1093 1939 1242 1970 petuntur.

1077 1973 1172 2011 Saepe
1197 1981 1294 2002 autem
1317 1971 1454 2011 δηλονότι
1476 1975 1533 2004 alio
1555 1975 1682 2014 quodam
1704 1976 1793 2007 modo
1817 1978 1858 2008 est
1877 1977 1982 2011 διασα-

1035 2012 1188 2053 Φητικόν,
1215 2014 1283 2044 ficut
1298 2013 1397 2055 ἤγουν,
1421 2015 1467 2045 vbi
1481 2026 1537 2046 nos
1552 2027 1612 2046 non
1630 2017 1770 2048 admonet
1786 2018 1824 2049 de
1839 2029 1885 2057 eo,
1902 2021 1981 2060 quod

1036 2056 1265 2086 subaudiendum
1281 2058 1329 2091 est,
1347 2059 1392 2087 vel
1407 2058 1471 2096 quis
1483 2057 1549 2088 huic
1559 2067 1607 2088 aut
1620 2060 1660 2089 illi
1671 2060 1760 2089 verbo
1778 2060 1835 2091 liue
1851 2063 1981 2092 nomina-

1036 2099 1119 2134 tiuus,
1142 2097 1202 2127 {iue
1217 2099 1287 2128 alius
1298 2097 1385 2134 casus,
1409 2108 1447 2128 ex
1462 2098 1660 2139 superioribus
1672 2101 1704 2131 fit
1717 2102 1913 2141 repetendus:
1933 2103 1983 2134 sed

1036 2139 1112 2169 aliud
1134 2140 1218 2170 nobis
1235 2140 1434 2170 adiumentum
1453 2142 1488 2171 ad
1507 2141 1617 2172 sensum
1639 2144 1867 2182 intelligendum
1889 2144 1983 2175 affert.

1037 2183 1118 2211 cuius
1134 2182 1175 2211 rei
1192 2183 1281 2211 multa
1296 2182 1394 2221 paffim
1410 2184 1501 2214 oculis
1517 2184 1652 2223 exempla
1666 2183 1692 2214 se
1707 2184 1842 2217 offerent.
1874 2189 1984 2218 Verum

1039 2222 1142 2255 eil-hic
1163 2233 1295 2262 quoque,
1325 2224 1363 2254 de
1379 2235 1436 2263 quo
1451 2234 1481 2255 te
1497 2235 1650 2255 moneam:
1673 2236 1740 2256 eum
1757 2228 1859 2258 alicubi
1876 2228 1986 2269 expoli-

1040 2266 1151 2294 tionem
1167 2263 1272 2294 afferre
1288 2275 1398 2300 eorum,
1415 2277 1490 2306 quae
1504 2267 1538 2296 ab
1554 2265 1862 2309 ipsometThucydide
1876 2270 1986 2310 exponi

1041 2305 1304 2345 animaduertisset,
1333 2305 1354 2337 fi
1380 2317 1493 2338 attente
1516 2311 1605 2339 verba
1627 2311 1689 2339 eius
1712 2310 1928 2346 coniiderass'et,
1956 2319 1986 2340 et

1041 2350 1097 2384 ita,
1134 2357 1163 2378 vt
1191 2358 1293 2378 eorum
1317 2347 1428 2380 sensum
1447 2349 1656 2389 affequeretur.
1707 2353 1799 2382 Huius
1822 2361 1918 2383 autem
1942 2353 1989 2382 rei

1042 2399 1132 2429 quum
1148 2390 1257 2429 aliquot
1270 2389 1377 2421 afferre
1392 2393 1528 2430 exempla
1545 2396 1655 2431 purtim,
1679 2403 1735 2422 vno
1753 2402 1908 2424 contentus
1926 2403 1988 2429 eto,

1042 2441 1082 2461 ex
1097 2443 1123 2471 p.
1142 2440 1201 2472 117
1233 2443 1300 2461 nam
1321 2443 1409 2471 quum
1428 2433 1466 2463 ibi
1485 2432 1586 2464 scribat
1602 2435 1807 2474 Thucydides.
1836 2436 1866 2468 ἐν
1888 2433 1920 2468 δὲ
1940 2437 1988 2478 τῷ·

1042 2472 1129 2516 αὐτῷ
1144 2475 1275 2516 χειμῶνι
1291 2474 1320 2506 oi
1336 2474 1505 2513 Ἀθηναῖοι,
1528 2477 1574 2519 τῷ
1591 2478 1714 2519 πατρίῳ
1730 2474 1810 2519 νόμῳ
1824 2476 1992 2522 χρώμενοι,

1043 2515 1175 2558 ὁημοσιᾳ
1201 2513 1317 2556 ταφεὶς
1339 2514 1522 2555 ἐποιήσαντο
1549 2519 1612 2554 τῶν
1636 2518 1665 2551 ἐν
1688 2517 1769 2559 τῷὁε
1792 2520 1837 2562 τῷ
1862 2520 1991 2561 πολεζαῳ

1867 2564 1893 2592 O
1906 2573 1921 2592 υ
1932 2571 1951 2595 9
