2166 2777
180 68 1861 137 xxanvKERIPRAEFATio
2127 38 2163 122 ’ρ

184 189 346 228 tationes
369 187 404 224 in
422 181 602 236 Epistolas
619 182 815 223 Ciceronis
831 177 1028 232 scripfiffet,
1056 182 1122 233 qui
1143 178 1357 232 Epitstetum
1386 189 1423 219 et
1440 178 1623 220 Cebetem
1638 178 1714 220 fine
1731 179 1807 219 vllo
1823 179 2042 221 adiumento
2060 194 2124 222 ve-

186 254 306 283 terum
330 251 366 281 et
388 243 641 280 recentiorum
668 237 851 276 librorum
878 236 1120 281 recensuisset,
1150 239 1216 289 qui
1238 235 1332 276 Clar.
1358 235 1835 284 Bentleiumglaceffiuiffet,
1863 239 1928 290 qui
1945 185 2163 291 denique}

2147 291 2163 364 §l

184 300 290 354 quod
309 298 421 349 longe
439 299 648 336 maximum
667 294 729 343 est,
750 291 1172 345 GymnafiiDelphenfis
1189 291 1327 332 Ret‘lor
1343 292 1440 338 ess'et,
1469 306 1582 346 quam
1602 293 1755 345 spartam
1778 292 1906 332 nasius
1923 296 2063 333 mirum
2082 296 2123 334 in

182 355 343 398 modum
363 354 482 394 cristas
500 351 630 391 tollere
648 352 786 402 coepit,
814 352 888 389 iam
911 349 1073 403 aliquem
1088 348 1171 400 esse,
1198 359 1236 388 et
1260 347 1323 388 fibi
1339 358 1491 401 propter
1517 349 1582 389 has
1599 359 1735 389 omnes
1755 349 1982 400 grauissimas
1998 350 2138 391 causas⁴

181 484 266 522 ego,
298 481 411 522 quem
433 466 587 504 infinitis
606 463 767 516 partibus
784 463 819 502 se
837 461 1101 508 indoffloretm
1129 471 1167 501 et
1185 475 1271 514 prae
1300 462 1377 502 aliis
1394 465 1552 502 iniuriae
1569 472 1834 515 opportunum
1852 461 1922 502 effe
1939 463 2122 513 credebat,
2150 503 2155 509 ,

183 536 428 567 contemnere
446 522 480 560 se
499 520 687 569 auderem,
716 518 780 559 fibi
808 519 1025 571 exemplum
1043 521 1081 558 in
1100 532 1162 557 me
1187 519 1436 570 statuendum,
1467 528 1505 558 et
1525 518 1812 559 maledi<ftorum
1832 518 2124 559 calumniarum-
2147 524 2154 561 ἶ·

183 597 258 636 que
275 591 376 621 metu
395 576 534 617 iniecto
555 590 702 625 omnes,
732 589 780 615 ne
799 575 890 629 quid
909 576 1068 626 asperius
1092 575 1138 614 de
1155 575 1368 615 eruditione
1386 576 1448 614 sua
1465 574 1682 623 iudicarent,
1709 575 1950 616 deterrendos
1967 578 2124 628 putauit.
2146 583 2155 617 ῖ

183 643 266 679 Hac
283 640 339 676 via
364 634 500 675 deinde
525 632 697 685 graffams
725 632 776 671 est
803 634 841 671 in
860 630 1074 683 Lipfienses,
1104 641 1141 670 et
1163 631 1376 683 grassabitur
1399 632 1544 684 semper
1569 635 1606 672 in
1632 645 1779 682 omnes,
1808 633 1874 686 qui
1896 633 2125 672 maiestatem

2149 371 2153 380 ι

2147 384 2157 401 Δ

181 418 276 455 inter
295 413 479 464 principes
495 408 608 447 huius
632 406 766 445 saeculi
788 406 1025 446 eruditorum
1052 406 1181 445 locum
1211 404 1337 445 deberi
1360 415 1525 458 putaret3
1557 408 1716 446 minime
1740 403 1939 445 ferendum
1957 416 2068 456 ratus,
2095 405 2123 446 fi
2146 415 2157 456 ,1

185 696 286 735 suam
306 690 548 744 magistralem
565 691 730 729 venerari
749 690 908 728 comiter
937 702 1016 727 non
1033 688 1174 737 volent,
1200 697 1237 728 et
1259 688 1305 728 de
1325 687 1494 728 dodirina
1520 692 1611 728 tanti
1628 688 1757 729 herois
1777 697 1813 728 et
1829 688 1991 741 prodigii
2009 689 2126 729 nostri
2165 722 2166 725 ,

187 750 332 800 saeculi,
363 749 497 788 diuino
523 746 687 800 quodam
714 758 870 785 munere
894 745 939 784 ad
964 745 1170 784 retinendas
1187 744 1312 784 Musas
1335 743 1520 796 fugientes
1537 745 1626 786 huic
1639 745 1853 792 aetatidati,
1882 758 1962 786 non
1978 748 2126 798 optime
2165 739 2166 750 ¹

187 809 394 849 existimare
419 803 623 843 audebunt.
681 802 738 841 Sic
763 803 868 842 dabm
896 815 956 851 age
977 816 1068 849 nunc,
1106 814 1175 851 age,
1206 803 1437 853 Phormionem,
1475 803 1649 856 qui‘voless
1677 802 1827 855 laceffitO‚
1855 802 1952 842 Fa‘xo
1976 817 2044 842 eum
2068 803 2127 841 tali
2147 844 2155 850 ³

186 866 368 910 nwffatum,
392 869 486 914 atque
509 861 542 898 ln·
554 861 642 913 sunt,
669 858 860 912 infortunio.
1152 870 1155 872 ⁴
2051 875 2053 878 ·
2114 859 2117 864 ’

289 923 388 960 Nam
404 926 588 971 quantum
604 913 638 955 se
655 918 783 954 virum
810 913 881 954 esse
906 915 1104 963 existimet,
1141 914 1199 954 vel
1220 928 1268 954 ex
1283 928 1331 955 eo
1358 915 1513 967 intelligi
1533 915 1666 968 potest,
1696 915 1804 969 quod
1821 914 1857 955 se
1873 928 1952 955 uon
1971 913 2129 955 obscure

187 975 323 1030 Lipfio,
348 972 588 1022 Casaubono,
616 974 795 1022 GruterO,
827 969 1013 1022 Salmafio,
1036 969 1204 1022 Heinfio,
1235 981 1273 1012 et
1299 973 1510 1012 Gronouio
1531 981 1674 1026 aequat,
1701 985 1822 1026 quum
1840 970 1905 1011 fibi
1921 974 1961 1011 in
1975 972 2129 1012 vetustis
2155 997 2160 1008 ,

188 1031 430 1084 scriptoribus
446 1028 643 1069 tractandis
663 1027 776 1075 idem,
801 1028 907 1082 quod
930 1028 1013 1078 illis,
1041 1027 1151 1068 licere
1166 1037 1284 1081 putat.
1343 1032 1487 1069 Verum
1511 1028 1615 1068 aliter
1639 1028 1751 1069 catuli
1776 1027 1891 1074 olent,
1919 1028 2022 1073 aliter
2036 1028 2131 1076 sues,

190 1101 227 1132 et
242 1091 322 1129 duo
340 1101 461 1142 quum
477 1084 621 1126 faciunt
639 1084 753 1135 idem,
785 1098 865 1124 non
880 1095 1005 1126 tamen
1020 1085 1072 1125 est
1095 1085 1207 1124 idem.
1266 1084 1320 1123 Illi
1335 1099 1453 1125 omne
1469 1098 1588 1137 genus
1606 1087 1824 1137 Scriptores,
1854 1087 2033 1135 Graecos,
2061 1087 2131 1124 La-

190 1151 304 1196 tinos,
333 1154 486 1193 veteres,
516 1154 655 1191 noum,
684 1155 704 1181 a
730 1144 854 1193 pueris
878 1141 956 1181 dies
982 1141 1192 1195 nostesque
1214 1141 1394 1181 versando
1418 1141 1597 1194 improbo
1621 1141 1748 1181 labore
1770 1141 1976 1196 multisque
1996 1141 2131 1193 v2giliis

191 1204 268 1244 hoc
286 1199 438 1241 taudem
457 1198 682 1248 consequuti
702 1198 797 1244 sunt,
823 1207 865 1236 vt
878 1198 924 1236 ad
948 1197 1230 1237 consummatae
1252 1198 1476 1237 eruditionis
1494 1197 1647 1238 culmen
1666 1198 1899 1238 escenderint
1910 1213 1930 1238 2.
1945 1200 2034 1237 huic
2055 1197 2132 1238 sola

191 1261 261 1300 dos
279 1259 341 1308 est,
366 1256 472 1311 quod
491 1253 566 1305 fibi,
596 1253 794 1308 postquam
822 1268 842 1293 e
857 1253 1095 1305 Theologiae
1120 1263 1157 1294 et
1173 1253 1436 1307 Philosophiae
1461 1254 1916 1307 desertorelludimagister
1931 1252 2052 1295 faetus
2064 1254 2131 1306 est,

192 1314 357 1368 legendis
374 1314 501 1365 paucis
517 1309 742 1365 quibusdam
759 1319 795 1349 et
812 1308 1068 1360 vulgatiffimis
1086 1309 1348 1362 Scriptoribus,
1374 1324 1542 1364 quorum
1559 1310 1812 1362 explicatione
1831 1313 1937 1363 pueri
1952 1313 2132 1352 tirocinio

193 1374 342 1424 linguae
358 1366 767 1416 Latinae‘imbuuntur,
799 1366 1032 1406 mediocrem
1058 1366 1260 1421 quamdam
1279 1369 1435 1406 Latinos
1459 1365 1776 1407 sonosfundendi
1791 1365 2132 1407 facultatem'com-

193 1431 348 1484 parauit,
373 1436 410 1466 et
428 1422 640 1465 Dialec'ticis
660 1437 680 1464 e
699 1423 845 1476 pristina
871 1422 1064 1476 disciplina
1090 1425 1241 1474 argutiis
1267 1422 1423 1463 lectores
1449 1422 1612 1474 fatigare,
1643 1433 1680 1464 et
1704 1427 1888 1464 Virorum
1911 1423 2134 1463 Dodtorum

194 1485 305 1527 verba
330 1493 474 1536 captare
496 1483 618 1520 nouit.
673 1483 754 1519 Hac
775 1489 946 1531 tumens,
978 1489 1016 1520 et
1038 1480 1094 1519 sui
1118 1479 1252 1532 plenus
1274 1479 1459 1532 gloriosus
1480 1480 1653 1526 Thraso,
1692 1479 1913 1531 magnidicis
1935 1479 2060 1520 verbis
2084 1480 2134 1520 de

195 1545 347 1591 Critice,
377 1540 498 1592 deque
518 1539 663 1577 ratione
680 1539 884 1588 Scriptores
911 1536 1077 1576 vetustos
1093 1535 1270 1576 tractandi
1288 1539 1335 1576 ita
1360 1535 1506 1578 disserit,
1535 1547 1574 1575 vt
1587 1535 1792 1577 hominem
1807 1536 1957 1576 oracula
1974 1539 2132 1589 ectripo-

195 1601 242 1643 de
261 1597 432 1648 sundere,
461 1593 519 1634 vel
539 1592 763 1644 Scaligerum
780 1593 958 1647 aliquem,
988 1602 1051 1632 aut
1069 1602 1167 1633 certe
1192 1607 1312 1633 vnum
1329 1607 1377 1632 ex
1395 1592 1472 1633 aliis
1489 1592 1558 1632 illis
1572 1591 1753 1633 heroibus
1769 1592 1990 1648 loquentem
2006 1593 2134 1635 audire

198 1666 236 1696 te
259 1653 402 1694 credas:
440 1664 574 1691 verum
592 1648 656 1689 vbi
680 1650 877 1700 magnifica
899 1648 958 1689 illa
981 1649 1078 1690 dieta
1100 1650 1146 1690 ad
1171 1663 1250 1690 rem
1267 1647 1450 1700 conferas,
1482 1649 1575 1689 nihil
1600 1660 1706 1690 tanto
1728 1649 1833 1690 hiatu
1855 1650 2028 1702 dignum,
2059 1663 2134 1691 nec

198 1712 405 1767 quidquam
425 1717 567 1760 praeter
582 1709 695 1758 apinas
709 1709 876 1759 tricasque,
902 1714 931 1745 et
943 1708 977 1760 fi
998 1708 1079 1760 quid
1099 1707 1188 1746 vilius
1212 1708 1293 1760 istis,
1319 1709 1499 1746 inuenias.
1560 1707 1666 1758 Qid
1682 1707 1782 1757 sciat,
1811 1716 1848 1746 et
1863 1720 1974 1761 quam
1993 1709 2134 1760 peritus

198 1769 240 1811 fit
264 1779 383 1807 rerum
409 1763 693 1810 tractandarum,
721 1762 870 1817 quibus,
894 1762 988 1802 dum
1014 1766 1122 1803 omni
1148 1763 1269 1803 modo
1296 1761 1416 1803 famae
1442 1763 1479 1803 se
1504 1760 1670 1814 ingerere
1697 1764 1824 1803 nescio
1844 1777 1921 1818 ,qua
1947 1760 2134 1816 δοξομανίῳ
2160 1762 2164 1804 l

198 1835 325 1878 captus
349 1830 518 1870 conatur,
547 1820 583 1859 se
607 1819 790 1860 immiscet
813 1819 1059 1859 nasutiffimus
1084 1820 1237 1871 ardeho,
1272 1833 1328 1860 res
1351 1820 1425 1872 ipsa
1449 1819 1631 1874 loquitur,
1660 1833 1729 1860 nec
1756 1824 1989 1875 quemquam
2005 1818 2137 1870 fugere
2160 1833 2163 1857 1

199 1881 319 1936 potest
343 1877 402 1918 vel
427 1877 663 1917 mediocriter
691 1875 879 1917 literarum
905 1879 1082 1928 peritum,
1109 1879 1187 1931 qui,
1210 1890 1304 1930 quae
1329 1876 1456 1916 adhuc
1476 1876 1523 1916 ab
1548 1890 1597 1917 eo
1625 1877 1771 1929 prodita
1793 1877 1889 1925 sunt,
1917 1876 2136 1928 inspexerit;

201 1951 295 1992 quae
315 1949 404 1975 cum
429 1932 584 1986 superba
601 1933 659 1972 illa
676 1932 880 1973 verborum
903 1946 1046 1987 pompa
1073 1933 1164 1973 nihil
1182 1933 1283 1974 aliud
1306 1933 1403 1985 sunt,
1433 1947 1547 1988 quam
1569 1933 1675 1988 quod
1691 1931 1820 1974 Volufi
1833 1932 2000 1975 Annales
2027 1939 2141 1973 vocat*
2162 1932 2164 1935 ’

202 1993 380 2034 Catullus.
1613 2015 1619 2019 f
1711 2004 1713 2007 ·

303 2048 368 2088 Ille
385 2057 510 2086 tamen
529 2059 607 2085 non
626 2047 784 2085 tenuiter
813 2060 937 2101 neque
960 2045 1104 2087 abieffie
1120 2045 1168 2088 de
1187 2048 1222 2088 se
1244 2047 1364 2098 sentit,
1391 2057 1430 2088 et
1447 2045 1650 2101 imparatus
1666 2059 1686 2088 a
1703 2045 1874 2088 veterum
1889 2056 1928 2086 et
1942 2059 2140 2086 nouorum
2158 2062 2163 2082 ι

203 2109 437 2158 Scriptorum
452 2101 627 2150 ledlione,
653 2101 726 2142 fine
744 2115 817 2156 qua
833 2103 945 2153 nulla,
975 2108 1219 2157 quantumuis
1247 2104 1386 2155 sollers,
1414 2107 1550 2144 mentis
1565 2105 1736 2156 sagacitas
1752 2104 1960 2159 quidquam
1979 2101 2139 2143 laudabi-
2158 2127 2160 2130 f

204 2164 238 2204 le
256 2167 294 2203 in
311 2160 433 2200 studio
453 2161 595 2200 Critico
621 2159 795 2206 effecerit,
821 2172 904 2199 eam
929 2158 990 2200 fibi
1017 2160 1194 2201 fiduciam
1219 2161 1431 2201 studiorum
1455 2161 1580 2212 sumit,
1609 2171 1649 2200 vt
1671 2161 1707 2201 se
1733 2162 1896 2200 Gronouii
1919 2169 1955 2199 et
1978 2158 2140 2199 aliorum
2160 2174 2166 2198 s

203 2217 423 2260 Dostorum
455 2215 608 2269 censorem
630 2215 816 2266 profiteri3
847 2216 1068 2268 Interpretes
1090 2221 1269 2268 Senecae,
1298 2220 1480 2271 ubicumque
1506 2218 1614 2270 neceffi
1637 2218 1831 2268 videbatur,
1849 2218 1988 2256 acumine
2014 2217 2139 2255 Critico
2160 2241 2162 2247 ι

204 2273 438 2327 compunxiffie;
465 2273 889 2324 confidentiamCriticorum
902 2273 973 2325 sale
994 2273 1208 2328 perfricuisti,
1231 2283 1262 2314 et
1275 2274 1407 2329 flngula
1423 2289 1563 2328 quaeque
1579 2276 1620 2313 ab
1641 2276 1715 2314 aliis
1729 2276 1841 2314 adlata
1864 2274 1974 2313 iudicii
1989 2272 2162 2312 rationis-l

205 2348 264 2386 que
271 2332 386 2384 seuera
399 2330 484 2368 lance
494 2329 667 2383 pensttqffi‘,
693 2327 840 2379 gloriari
858 2343 938 2368 non
957 2330 1157 2370 erubescat.
1215 2335 1246 2377 O
1268 2339 1307 2376 te,
1337 2332 1470 2374 Bolum,
1498 2331 1615 2370 cerebri
1630 2327 1782 2372 Felicem!
1813 2331 1885 2370 Sed
1903 2328 2011 2369 crede
2027 2328 2164 2379 mihiti

206 2390 279 2436 Ἐφ’
297 2384 454 2437 ᾦφξονεῖς
471 2384 629 2435 μὲγιτῖον,
660 2383 794 2425 ἀπολεῖ
810 2385 916 2427 τοῦτο’
931 2403 978 2436 σε,
1009 2384 1056 2427 Τὸ
1077 2387 1178 2430 δοκεῖν
1199 2389 1260 2429 τιν’
1284 2384 1369 2429 εἶναι·
1400 2384 1461 2428 καὶ
1488 2384 1563 2442 Ὑᾶς
1580 2385 1715 2431 ἄλλους
1729 2384 1880 2439 iungit-ius:
1909 2396 1947 2426 et
1965 2387 2033 2439 qui
2048 2381 2163 2426 aliosi

208 2446 365 2540 {pugio
385 2443 538 2481 rationis
554 2453 637 2482 non
655 2443 709 2481 vti
723 2443 856 2492 arguis,
875 2441 950 2494 ipse
975 2445 1136 2495 remigio
1156 2443 1297 2486 alarum
1319 2446 1410 2486 Icari
1428 2447 1569 2496 niteris,
1596 2457 1678 2485 non
1701 2443 1831 2496 alium,
1857 2456 1972 2500 quam
1988 2443 2063 2493 hic,
2091 2439 2166 2558 fin-ll

274 2511 334 2538 rus
351 2501 506 2539 exitum.
645 2506 648 2508 ’
1850 2500 1855 2508 ¹
2065 2523 2068 2525 ,

2157 2560 2162 2643 ff

2151 878 2153 881 ⁴
2164 869 2166 894 l
