2239 2818
279 326 350 396 A
517 324 582 390 D
757 324 824 392 D

47 735 113 776 Pag-
131 744 155 767 1·
184 723 493 781 ΘοΥκτΔῐΔοΥ
519 749 715 789 moror]
744 752 780 780 In
804 747 992 789 sequentibus

44 787 141 824 libris,
164 792 256 824 To‘s
271 792 458 824 OAOPOT.
498 791 545 821 Sic
560 800 656 822 tamen
673 800 702 821 vt
718 791 764 822 hic
779 792 913 822 articulus
929 792 992 821 iun-

23 865 26 870 ,
45 839 130 870 gatur
153 842 220 865 cum
241 832 298 862 alio
318 833 366 870 qui
387 832 553 861 subauditur
576 834 724 873 genitiuo,
756 833 893 863 videlicet
911 833 992 866 υίοῧ·

45 871 75 901 id
89 871 131 902 est
139 871 203 911 filii,
225 874 350 912 perinde
364 883 396 903 ac
411 873 429 903 ίῐ
444 874 604 909 diceretur,
626 875 684 907 τοῦ
698 875 762 908 vicii
779 876 834 908 τοῦ
849 874 990 918 Ὀλόρου.

47 913 195 951 Quoniam
210 924 308 946 autem
323 916 424 953 quaeri
438 925 454 944 a
467 916 566 945 multis
584 916 669 946 video
683 925 720 945 an
737 917 904 946 huiusmodi
919 917 990 946 loeis

45 953 187 986 adhibere
202 956 356 986 articulum
375 955 490 986 neeesse
506 956 553 993 fit,
577 964 712 997 tanquam
728 957 870 988 ser-monis
885 958 990 988 Graeci

24 1013 34 1026 .»
46 996 117 1036 lege
131 997 161 1027 id
179 1008 196 1027 a
216 998 300 1027 nobis
319 996 382 1027 fieri
399 997 537 1035 iubente,
559 1007 592 1027 ac
605 997 730 1029 diuersas
749 998 935 1039 quorundam
947 1001 988 1029 lo-

45 1047 147 1070 corum
163 1040 419 1078 interpretationes
438 1049 475 1068 ex
490 1038 603 1069 diuersa
618 1040 655 1070 de
672 1040 725 1071 bac
739 1051 772 1071 re
786 1041 928 1080 opinione
945 1051 988 1071 or-

23 1103 26 1111 ,
45 1079 87 1111 (ιι
108 1079 167 1110 effe
187 1082 352 1120 comperio:
388 1091 450 1110 non
471 1081 599 1120 pigebit,
629 1080 718 1112 sumta
739 1083 807 1113 hinc
829 1082 988 1119 occasione,

44 1173 133 1194 uere:
156 1172 245 1203 atque
259 1165 304 1195 his
322 1173 418 1194 meam
441 1163 614 1194 sententiam
634 1166 858 1205 (qualiscunque
877 1176 914 1196 ea
928 1175 989 1196 mo-

34 1205 137 1235 ‘menti
150 1204 245 1236 futura
259 1205 306 1246 fit)
320 1206 457 1236 adiicere.
500 1207 626 1236 Primum
641 1207 732 1247 igitur
751 1207 789 1237 ad
809 1206 894 1247 ipfius
914 1206 989 1240 ’Πιπ-

45 1245 154 1288 cydidis
173 1257 284 1278 nomen
306 1255 336 1276 vt
356 1248 488 1282 veniam,
511 1249 631 1278 articulo
651 1248 784 1288 praefixo
802 1248 990 1287 Θουκυδιδην

26 1277 99 1322 ἶτδν
113 1283 243 1332 Ὀλόρου
261 1287 290 1319 se
305 1291 453 1325 nominat.
473 1290 522 1320 lib.
540 1298 569 1328 4.
591 1290 621 1319 in
644 1290 701 1320 fine
723 1301 751 1330 p.
766 1299 835 1331 299.
857 1289 912 1325 ἐπὶ
933 1290 989 1326 τὸν

44 1327 145 1376 ἕτερον
160 1327 311 1374 ςξατηγόν
327 1328 380 1363 τὸν
395 1330 448 1364 ἐπὶ
462 1329 607 1376 Θξορκης,
627 1330 814 1371 Θουκυδίδην
829 1331 882 1367 τὸν
893 1328 989 1367 ’0λὸ-

43 1383 110 1417 ςου,
132 1369 164 1409 ὃς
180 1369 258 1406 τάδε
277 1371 481 1415 ξυνέγξαὼεν.
522 1372 643 1404 Deinde
657 1373 769 1413 passim,
794 1373 839 1404 vbi
862 1373 914 1405 filii
932 1385 989 1405 no-

45 1414 126 1456 rnine
139 1413 232 1453 posito
246 1423 357 1444 nomen
371 1422 461 1453 patris
473 1413 566 1450 addit,
588 1414 749 1445 interuenit
763 1416 904 1446 articulus.
943 1419 988 1447 Ita

44 1456 123 1486 enim
139 1454 333 1496 Πλειςοοίνοιξ
353 1454 573 1494 &Have-avion,
595 1465 627 1486 et
639 1457 751 1493 Νικίας
766 1456 780 1490 ὁ
796 1454 988 1500 Νικηράτου,

36 1496 74 1527 ἐι
90 1495 194 1539 Λίχας
216 1496 231 1530 ὁ
251 1495 472 1540 ’Aemo-moion,
494 1499 564 1527 item
579 1500 787 1540 Καλλίγειτος
802 1497 818 1532 ὁ
832 1501 987 1543 nunquan·-

45 1549 118 1576 τος,
147 1537 202 1571 καὶ
219 1537 400 1583 Τιμαγόρας
417 1537 433 1572 ὁ
453 1538 682 1582 Ἀθηναγόραν,
705 1541 780 1580 apud
799 1550 867 1570 eum
883 1542 989 1582 legun-

44 1586 106 1611 tut:
133 1588 164 1610 et
183 1580 214 1610 in
236 1581 369 1619 genitiuo
389 1579 500 1610 ibidem
516 1581 768 1620 Πλειςοοίνοικτος
788 1583 850 1623 τοῦ,
863 1586 989 1617 Παυσα-

45 1619 125 1658 νίου,
153 1622 226 1651 item
244 1619 396 1661 Ἅγνωνος
417 1622 474 1655 τοῦ
493 1622 610 1656 Νικίου.
653 1624 828 1663 Eodemque
848 1625 937 1655 modo
955 1626 988 1655 in

28 1690 32 1701 ,
45 1660 193 1694 ιεωΐεηὰἰ
207 1661 268 1692 casu
279 1686 286 1700 ,
309 1661 550 1702 Πλειςοοίνοικτα
565 1662 619 1697 τὸν
630 1661 817 1704 Παυσανίου,
841 1673 871 1695 et
884 1667 989 1707 ΣοΦο·

25 1696 126 1760 ᾒλέοι
151 1703 205 1738 τὸν
228 1703 445 1749 Σωςξατίόου,
476 1704 691 1748 Εὐρυμέδοντα
716 1703 771 1740 τδν
798 1708 990 1748 Θουκλέους,

30 1746 159 1785 salitque
176 1747 390 1785 quamplurima
409 1748 563 1777 iuterieeto
582 1748 703 1778 articulo
723 1749 861 1790 legimus.

87 1789 198 1817 Verum
217 1787 275 1817 duo
296 1785 359 1817 sunt
381 1798 455 1827 quae
475 1789 518 1818 his
538 1787 617 1828 posse
637 1790 748 1829 opponi
768 1790 870 1821 video:
899 1800 987 1821 vnum

54 1862 66 1874 γ’
100 1829 130 1858 in
146 1827 312 1870 authologia
327 1829 381 1865 Gr.
402 1831 644 1871 epigrammatum
659 1831 774 1863 exstare
792 1832 873 1863 hunc
886 1841 988 1872 penta-

44 1878 192 1906 metrum,-

126 1936 312 1977 Θουκυδίδην
333 1938 482 1985 Ὀλὸςου,
521 1938 707 1985 Κεκροτὲίδην
728 1939 767 1975 vo*
790 1941 886 1983 γένος.

43 2014 101 2077 gec-
127 2016 188 2036 non
218 2006 330 2037 versum
357 2007 437 2037 hunc
462 2008 525 2038 eius
549 2006 681 2048 sepulcro
710 2008 880 2049 inscriptum
906 2008 990 2040 fuiffe

66 2057 115 2078 let:

97 2113 284 2154 Θουκυδίδης
307 2113 437 2163 Ὀλόρου
460 2115 658 2159 Ἁλιμούσιος
677 2115 790 2152 ἐνθάδε
809 2122 921 2153 κεῖται.

48 2184 197 2219 Alterum,
219 2180 409 2222 in'aliquibus
431 2185 513 2214 huius
535 2186 617 2225 ipsius
634 2187 760 2217 historici
783 2189 852 2218 locis
869 2199 928 2218 non
946 2189 989 2218 in-

47 2226 162 2264 terponi
183 2226 266 2255 istum
286 2227 455 2255 articulum:
485 2238 549 2256 nam
572 2239 598 2267 p.
619 2237 668 2259 20.
689 2229 781 2258 statim
801 2230 865 2269 post
887 2241 990 2269 prooe-

48 2267 152 2303 mium,
188 2268 325 2306 legimus,
365 2265 476 2305 Φαέλιος
505 2267 746 2311 Ἐρατοκλείὸου.
798 2273 880 2308 Quin
901 2273 988 2301 etiam

49 2307 96 2338 lib.
114 2318 139 2347 4.
155 2319 183 2348 p.
200 2317 267 2348 307.
289 2310 335 2339 vbi
354 2310 533 2348 quorundam
551 2312 866 2348 Lacedaemoniorum,
888 2315 989 2343 Corin-

49 2349 191 2387 thiorum,
222 2351 459 2388 Atheniensium,
489 2359 519 2380 et
547 2353 668 2382 aliorum
691 2355 809 2384 nomina
833 2365 990 2393 ponuntur,

50 2391 192 2429 nusquam
214 2392 337 2422 interiici
357 2402 424 2422 eum
447 2392 588 2423 videmus.
633 2398 765 2434 Attego,
788 2395 823 2424 ad
845 2397 908 2425 illos
931 2398 990 2434 qui-

36 2431 117 2462 ,dem
139 2431 233 2462 versus
250 2434 328 2471 quod
350 2435 472 2471 attinet,
503 2445 619 2465 carmen
644 2437 780 2474 quasdam
804 2436 918 2476 ellipses
941 2439 993 2468 libi

49 2474 222 2512 permittere
238 2473 373 2511 dixerim,
397 2485 427 2505 et
449 2477 477 2504 in
495 2487 534 2508 eo,
549 2476 675 2506 excusari
697 2488 772 2516 quae
789 2478 864 2508 haud
886 2482 993 2518 pariter

49 2515 80 2544 in
101 2513 188 2544 soluta
211 2518 343 2547 oratione
363 2519 457 2547 locum
481 2518 638 2555 haberent,
661 2520 689 2548 in
713 2520 763 2548 illo
787 2530 883 2549 autem
903 2532 928 2559 p.
944 2531 992 2552 20.

50 2556 130 2591 loco,
159 2554 272 2595 Φαίλιος
292 2557 545 2601 Ἐξατοκλεῶου,
573 2569 602 2590 et
624 2561 654 2590 in
677 2561 848 2600 quibusdam
868 2563 929 2593 aliis
949 2562 994 2593 su·

93 2604 187 2630 TOM.
205 2606 241 2631 11.

992 326 1053 392 E‘

148 557 1879 627 EMENDANDA.

47 1131 121 1162 quae
140 1123 172 1151 in
189 1131 343 1162 vtramque
357 1120 436 1161 pofl'e
453 1131 564 1161 partem
583 1121 685 1154 ,afferri
706 1125 855 1162 videntur,
883 1121 999 1164 propo-⁶

1915 120 1986 155 745

1219 326 1287 391 N
1691 324 1756 391 A

1453 325 1520 398 D

1033 749 1128 791 spefflt
1142 750 1227 781 nobis
1244 749 1352 781 librarii
1367 750 1441 781 fides
1457 749 1516 781 effe
1536 750 1640 790 potest.
1683 751 1794 781 Verum
1815 752 1853 783 de
1874 754 1979 785 eadem

1033 793 1144 823 articuli
1160 792 1312 822 omissione
1326 802 1391 823 cum
1406 802 1451 823 tot
1463 793 1642 829 nominibus,
1663 803 1740 834 quae
1754 805 1781 833 p.
1798 803 1865 834 307.
1882 795 1979 833 habet,

1033 834 1103 874 quid
1117 833 1354 873 respondendum
1372 836 1450 865 erit?
1479 837 1527 866 An
1541 836 1624 874 quia,
1647 846 1736 875 quum
1752 843 1810 865 tam
1824 838 1914 866 multa
1928 847 1979 868 no-

1032 875 1113 906 mina
1132 875 1213 906 fimul
1228 884 1425 914 ponerentur,
1448 875 1484 913 si,
1505 885 1576 915 quot
1595 877 1646 907 illa
1663 885 1763 915 erant,
1784 878 1869 908 tuties
1891 880 1978 909 inter·

1032 917 1122 948 ienus
1134 918 1269 947 articulus
1281 916 1385 956 fuifl'et,
1399 927 1483 947 aures
1497 916 1657 948 offensurus
1672 918 1842 949 videbatur?
1864 921 1979 951 Vereor

1032 967 1113 989 certe
1133 969 1172 989 ne
1194 959 1237 990 cui
1259 969 1359 997 parum
1382 958 1442 988 fide
1459 959 1548 999 digna
1569 960 1644 990 haec
1667 960 1812 999 responsio
1830 962 1976 992 videatur:

1032 1009 1120 1039 atque
1135 1009 1162 1030 vt
1177 1000 1223 1030 hic
1238 1010 1357 1039 quoque
1373 999 1445 1030 fides
1461 1001 1568 1030 librarii
1583 1002 1613 1031 in
1625 1001 1746 1031 dubium
1761 1012 1889 1041 vocetur,
1909 1003 1976 1034 facit

1031 1039 1226 1081 Aristophanis
1247 1040 1420 1080 scholiastes,
1456 1044 1505 1082 qui
1529 1052 1596 1072 eum
1626 1044 1726 1081 locum„
1749 1043 1876 1075 afferens
1905 1045 1976 1084 (sed

1031 1082 1172 1114 mendose
1191 1093 1298 1123 magna
1314 1094 1353 1115 ex
1367 1092 1449 1123 parte
1464 1082 1613 1125 scripturn)
1630 1086 1782 1116 articulum
1804 1087 1976 1126 quibusdam

1031 1125 1170 1166 genitinis
1190 1124 1332 1165 praefigit.

1074 1181 1286 1209 Verumtamen
1303 1178 1322 1208 fi
1337 1175 1517 1223 ἀδιαφόρως
1529 1178 1654 1218 positum
1673 1180 1754 1210 illum
1775 1189 1824 1211 aut
1843 1181 1974 1214 omissum

1029 1218 1113 1250 fuiffe
1137 1221 1200 1260 quis
1219 1220 1394 1256 contendat,
1425 1230 1490 1250 cum
1512 1222 1649 1258 aliorum,
1680 1231 1740 1252 tum
1761 1233 1830 1253 vero
1846 1223 1976 1263 Diomfii

1029 1261 1225 1301 Halicarnaffei
1239 1262 1410 1292 aueoritaxe
1433 1260 1461 1292 se
1476 1261 1632 1299 defendet,
1653 1265 1729 1303 apud
1747 1275 1833 1303 quem
1850 1260 1974 1306 legimus

1030 1305 1060 1334 in
1076 1304 1213 1334 historiae
1227 1304 1330 1341 titulo,
1357 1311 1425 1333 ante
1438 1305 1633 1342 prooemium,
1658 1305 1813 1339 Διονυσίου
1830 1307 1977 1350 'Alagoni-

1029 1343 1097 1389 ὅρου
1122 1345 1177 1378 τοῦ
1197 1344 1483 1389 Ἁλικαρνασσέως·
1519 1356 1575 1375 nec
1598 1357 1660 1376 non
1685 1348 1714 1376 in
1738 1347 1797 1378 tine
1821 1352 1974 1388 prooemii,

1029 1386 1044 1419 ὁ
1066 1386 1099 1420 δὲ
1120 1383 1411 1429 ‹rumigantia-RV,
1432 1384 1496 1430 εἰμί
1509 1384 1664 1426 Διονύσιος
1676 1388 1877 1434 Ἀλεξάνδρου
1891 1391 1976 1424 Ἀλι-

1029 1429 1231 1474 καρνασσεῠς.
1270 1427 1435 1468 Vtrobique
1457 1429 1536 1458 enim
1559 1438 1630 1459 ante
1651 1431 1737 1469 patris
1760 1442 1871 1462 nomen
1891 1433 1976 1463 omis-

1029 1469 1091 1500 sum
1112 1468 1170 1500 effe
1192 1470 1344 1500 articulum
1365 1469 1508 1500 videmus:
1538 1472 1608 1509 quin
1625 1473 1731 1507 etiam,
1754 1483 1843 1511 quum
1862 1475 1922 1504 illic
1941 1475 1975 1506 {it

1027 1513 1087 1545 ’τοῦ
1104 1510 1390 1555 Ἁλικαρνασσέως,
1412 1511 1458 1541 hic
1473 1519 1571 1542 tamen
1586 1522 1646 1543 non
1660 1512 1720 1544 effe
1735 1515 1838 1545 itidem
1855 1515 1869 1548 ὁ
1889 1517 1975 1549 Ἅλι-

1027 1551 1238 1597 καξνασσεύς,
1272 1552 1322 1583 sed
1345 1564 1406 1583 non
1434 1554 1530 1584 minu·
1556 1563 1626 1585 ante
1655 1555 1731 1586 hunc
1758 1558 1973 1590 nominatiuum

1029 1605 1116 1635 quam
1131 1603 1200 1625 ante
1219 1595 1301 1625 illum
1321 1595 1487 1635 genitiuum
1504 1597 1666 1627 orationem
1680 1598 1802 1628 articulo
1820 1609 1930 1630 carere.

1071 1649 1111 1678 Vt
1131 1658 1229 1678 autem
1250 1657 1329 1678 nunc
1347 1648 1465 1679 tandem
1485 1649 1563 1688 quod
1584 1649 1676 1681 sentio
1696 1651 1735 1682 de
1754 1651 1840 1683 huius
1861 1655 1973 1684 articuli

1030 1687 1078 1720 vsu
1093 1689 1202 1726 dicam,
1227 1691 1333 1720 Graeci
1348 1689 1489 1720 sermonis
1504 1693 1587 1732 leges
1602 1691 1724 1731 poscere
1737 1695 1843 1733 opinor
1859 1705 1887 1725 vt
1900 1698 1973 1727 loci·

1030 1731 1195 1762 huiusmodi
1215 1732 1354 1762 articulus
1374 1732 1560 1769 adhibeatur,
1596 1743 1660 1764 cum
1684 1746 1741 1775 quo
1762 1746 1872 1767 nomen
1892 1738 1973 1777 quod

1030 1773 1192 1812 ἐλλείπει,
1214 1781 1245 1803 et
1259 1771 1489 1804 subaudiendum
1505 1785 1522 1805 a
1537 1775 1621 1806 nobis
1635 1775 1693 1815 est,
1714 1778 1866 1818 iungatur:
1884 1789 1972 1820 atque

1030 1816 1103 1845 adeo
1120 1816 1169 1855 qui
1184 1814 1270 1845 nobis
1290 1815 1366 1845 illius
1381 1815 1557 1857 ἐλλείψεως
1572 1818 1664 1848 index
1681 1821 1868 1859 relinquatur.
1913 1822 1972 1852 Sed

1030 1857 1112 1886 enim
1130 1865 1157 1887 vt
1170 1857 1224 1887 alia
1238 1858 1380 1898 pleraque
1399 1857 1462 1888 sunt
1483 1860 1512 1888 in
1534 1860 1640 1899 quibus
1660 1859 1798 1891 sermonis
1816 1865 1914 1902 legem
1930 1865 1973 1894 in-

1031 1899 1148 1929 terdum
1167 1909 1226 1929 non
1243 1897 1349 1929 seruari
1364 1898 1481 1934 scimus,
1505 1902 1543 1930 ita
1561 1901 1606 1930 hic
1624 1912 1684 1931 non
1701 1902 1842 1934 seruatam
1855 1900 1973 1944 ¹semper

1030 1939 1129 1970 fuisse:
1152 1940 1189 1970 sic
1202 1949 1301 1970 tamen
1322 1950 1350 1970 vt
1370 1941 1419 1970 illa
1439 1942 1549 1971 omiffio
1570 1944 1746 1984 plerumque
1767 1956 1826 1975 non
1847 1944 1972 1986 ipsorum

1030 1983 1180 2012 auem-um
1195 1982 1243 2013 sed
1258 1982 1443 2013 librariorum
1459 1982 1519 2014 esse
1533 1985 1672 2015 videatur.
1717 1987 1799 2024 Quin
1814 1989 1901 2018 etiam
1917 1990 1974 2019 hoc

1031 2024 1125 2061 addo,
1146 2024 1237 2054 fimile
1259 2023 1316 2054 hoc
1329 2034 1398 2054 vero
1419 2023 1490 2061 esse,
1515 2026 1576 2055 illos
1591 2026 1665 2057 hanc
1682 2028 1863 2060 omissionem
1876 2033 1972 2070 potius

1030 2065 1078 2095 vbi
1092 2067 1179 2104 patris
1199 2075 1228 2096 et
1246 2064 1296 2095 filii
1312 2070 1430 2096 nomina
1447 2068 1476 2096 in
1492 2067 1606 2098 diuerso
1623 2068 1684 2098 casu
1700 2080 1864 2109 ponuntur,
1887 2083 1974 2112 quam

1029 2107 1080 2140 vbi
1093 2109 1123 2136 in
1138 2107 1260 2145 eodem,
1281 2107 1331 2137 fibi
1348 2108 1519 2148 permififfe:
1548 2109 1625 2148 quod
1647 2113 1738 2151 tnagis
1752 2113 1809 2142 illic
1826 2124 1912 2153 quam
1927 2115 1974 2144 liic

1031 2149 1154 2179 euidens
1171 2149 1227 2179 effe
1244 2148 1344 2188 posset.
1388 2152 1460 2180 Nam
1476 2161 1564 2190 quum
1586 2153 1729 2192 (exempli
1746 2157 1853 2194 gratia)
1875 2155 1975 2188 Διωιύ-

1033 2202 1096 2226 σιος
1115 2189 1314 2234 Ἀλεξάνδρου
1335 2191 1414 2228 dico,
1448 2194 1586 2231 quoniam
1614 2197 1703 2232 patris
1732 2207 1840 2226 numen
1866 2199 1896 2226 jn
1919 2201 1974 2227 3-20

1033 2230 1095 2261 casu
1119 2243 1204 2271 quarn
1226 2232 1276 2262 filu
1299 2243 1408 2263 nomen
1434 2236 1569 2274 ponitur,
1600 2245 1688 2266 vnum
1714 2237 1803 2267 {latim
1826 2239 1860 2267 ab
1883 2234 1976 2268 altero

1032 2274 1222 2309 discernitur,
1253 2284 1282 2304 et
1308 2275 1357 2303 ista
1381 2274 1492 2305 casuum
1517 2276 1662 2306 diuerfiras
1693 2278 1838 2309 cic-fenum
1867 2281 1975 2309 amiculi

1033 2316 1249 2354 quodammodo
1265 2314 1391 2354 supplet:
1415 2327 1470 2346 nec
1483 2318 1577 2355 potest
1593 2318 1638 2348 hic
1653 2321 1722 2349 oriri
1738 2322 1881 2351 eiusmodi
1899 2332 1978 2351 error

1033 2359 1126 2396 qualis
1144 2367 1232 2395 quum
1248 2367 1401 2396 vti-umque
1419 2359 1525 2388 eodem
1542 2361 1571 2388 in
1587 2359 1657 2391 casu.
1684 2363 1816 2401 genitiuo
1834 2362 1977 2400 videlicet,

1034 2399 1157 2438 positum
1181 2399 1237 2429 est:
1271 2407 1299 2428 rt
1318 2399 1454 2429 videlicet
1479 2402 1590 2430 nomini
1615 2401 1664 2431 filii
1685 2404 1797 2433 atheiis>
1819 2406 1906 2442 patris
1929 2415 1978 2433 no·

1036 2441 1133 2476 mine,
1156 2441 1228 2470 haec
1248 2441 1356 2470 deinde
1374 2451 1508 2481 tanquam
1530 2442 1706 2473 diuersarum
1725 2444 1910 2483 {erl-ollarum
1927 2456 1976 2474 no-

1036 2483 1114 2510 mina
1138 2481 1310 2520 separentur.
1367 2484 1457 2513 Cuius
1486 2488 1590 2514 erroris
1616 2488 1750 2523 exempla
1775 2496 1811 2515 cx
1836 2486 1976 2524 .‘⁸w''zoliaste

1036 2522 1228 2563 Amstoplzanis
1251 2524 1319 2552 mihi
1348 2523 1552 2564 suppeterent,
1589 2526 1607 2555 li
1631 2527 1737 2557 diutius
1765 2528 1831 2559 huic
1853 2527 1976 2559 sermoni

1036 2565 1186 2595 immorari
1205 2564 1367 2597 statuissem.

1801 2610 1936 2642 Bbbbb
