2166 2777
273 74 1696 126 DVKERIPRAEFATIO.
1830 89 1974 120 xxxv

15 198 72 239 ,et
88 188 252 230 inscitiae
269 195 491 239 argumenta.
549 186 589 224 Id
609 199 722 233 nunc,
749 194 788 224 vt
805 184 978 236 Magister
994 182 1215 236 Delphenfis
1233 183 1370 234 audiat,
1398 192 1541 236 repeto,
1558 193 1594 223 et
1610 182 1687 222 hoc
1704 183 1875 236 amplius,
1891 197 1971 239 quo

33 249 152 297 magis
177 249 348 296 tingatur,
379 241 491 290 addo,
519 242 612 282 mihi
629 241 875 282 certiffimum
892 241 974 292 effe,
1002 239 1068 294 ipsi
1092 240 1232 281 bonam
1259 253 1506 295 magnamque
1523 250 1667 294 partem
1684 243 1855 281 Suetonii
1870 244 1972 281 aeni·

34 312 156 354 ginata
175 302 345 354 Sphingis
361 299 443 339 effe.

137 361 227 399 Non
247 357 348 396 lubet
365 354 473 408 mihi,
501 369 569 395 nec
587 368 721 408 operae
736 355 798 403 cst,
826 364 959 404 cetera,
987 367 1084 408 quae
1104 353 1380 394 contumeliose
1398 355 1436 393 in
1453 367 1514 394 me
1530 355 1629 402 iecit,
1659 354 1840 408 persequi,
1868 354 1975 408 quod

35 412 111 455 fere
135 413 348 454 translaticia
371 412 469 464 sunt,
501 422 538 452 et
554 412 670 463 vulgo
687 411 731 451 ab
757 411 834 451 aliis
857 425 1026 465 quoque,
1054 414 1120 465 qui
1145 411 1180 450 se
1198 413 1324 450 minus
1341 409 1490 460 doctos,
1522 424 1635 464 quam
1654 409 1717 462 ipsi
1732 411 1767 451 se
1784 410 1974 463 putabant,

34 469 181 511 habitos
197 469 493 520 indignabantur,
517 471 555 508 in
574 468 801 508 aduersarios
817 468 924 508 dicia.
984 467 1054 507 Sed
1073 468 1179 521 quod
1203 467 1239 507 se
1257 476 1497 507 contemtum
1516 466 1679 507 fremens
1695 470 1898 518 impotenti
1915 480 1974 507 na-

34 536 138 566 turae
153 539 194 566 ac
214 530 362 566 velanae
381 528 454 565 irae
473 527 520 565 ita
548 523 676 565 frenos
695 525 814 565 laxare
831 527 969 578 potuit,
1001 534 1040 564 vt
1065 524 1137 575 illa,
1167 537 1262 578 quae
1285 526 1324 563 in
1339 521 1569 563 Praefatione
1584 527 1744 564 Senecae
1765 533 1802 564 et
1826 521 1974 564 infami-

35 581 104 622 bus
119 582 300 622 Vindiciis
323 582 496 622 aduersus
514 580 714 634 Lipsienses
738 582 924 633 leguntur,
950 577 988 621 in
1007 594 1069 621 me
1090 580 1284 620 effundere
1307 593 1387 619 non
1406 582 1546 620 veritus
1563 578 1688 632 fuerit,
1719 578 1793 620 fine
1812 594 1919 620 more
1938 590 1975 620 et

32 638 222 691 exemplo,
247 652 317 678 nec
342 639 521 684 hominis,
551 638 613 678 sed
637 638 976 690 importuniffimae
1000 636 1146 678 belluae
1169 637 1231 677 est.
1290 635 1428 675 Multas
1451 636 1521 688 legi
1538 646 1575 676 et
1598 650 1703 676 meac
1721 646 1757 676 et
1773 637 1974 689 superioris

33 698 158 736 aetatis
178 697 358 736 Virorum
383 694 587 734 donorum
609 697 889 745 contentiones,
911 698 951 734 in
974 693 1112 748 quibus
1137 707 1218 733 non
1237 706 1353 745 pauca
1377 692 1473 740 salse,
1497 691 1627 732 acerbe
1642 702 1679 732 et
1696 693 1975 734 contumeliose

31 751 300 793 scribebantur:
326 751 387 792 sed
407 754 472 806 qui
490 750 630 791 oblitus
645 751 741 802 suae,
765 751 906 791 oblitus
924 752 1064 790 alienae
1078 749 1256 803 personae
1272 758 1309 789 et
1325 751 1463 798 aetatis,
1492 748 1592 788 nulla
1607 748 1717 799 illius,
1735 749 1840 804 quod
1855 749 1974 802 publi-

31 822 78 850 ce
91 808 293 849 honestum
316 808 378 859 est,
407 811 551 848 ratione
578 807 710 858 habita,
742 808 778 848 se
794 811 867 848 irae
884 806 1041 848 furentis
1065 809 1210 859 impetu
1227 819 1276 846 eo
1294 819 1410 860 vsque
1435 805 1552 858 abripi
1569 805 1687 858 paffus
1704 804 1829 854 suerit,
1858 806 1975 846 vtad-

33 865 232 906 versarium
254 865 366 905 suum
391 867 551 917 impium
577 874 613 905 et
635 865 908 919 nequissimum
932 863 1133 904 hominem
1157 862 1423 915 proscripserit,
1461 863 1584 902 adhuc
1606 865 1739 903 inueni
1767 864 1974 903 neminem.

30 924 131 962 Nam
147 920 284 962 etiamst
303 921 373 972 illa,
393 921 530 977 quibus
546 920 733 963 belluinae
748 922 833 962 suae
852 931 1002 961 naturae
1020 923 1293 960 immanitatem
1310 918 1484 959 aduersus
1506 932 1568 959 me
1582 921 1772 965 incitatam
1791 919 1892 970 dicit,
1921 917 1975 959 fe-

33 978 170 1029 ciffem,
200 980 323 1019 immo
338 976 477 1019 etiamsi
501 980 594 1018 mihi
614 978 743 1032 probri
767 978 923 1018 alicuius
946 977 1119 1018 conscius
1145 975 1283 1029 fuisset,
1313 975 1419 1030 quod
1434 989 1559 1030 neque
1580 975 1643 1021 est,
1667 989 1791 1029 neque
1811 978 1879 1015 erit
1897 989 1975 1016 vm-

32 1048 159 1089 quam,
186 1045 311 1075 tamen
340 1039 374 1075 ei
398 1038 456 1075 ius
478 1049 558 1075 non
583 1033 705 1076 fuiss'et
731 1048 853 1075 mores
879 1046 988 1075 meos
1014 1032 1166 1086 publice
1189 1030 1380 1072 infamare.
1437 1034 1587 1072 Etenim
1615 1034 1654 1071 in
1673 1031 1739 1071 illo
1766 1032 1813 1072 de
1830 1032 1974 1085 scriptis

32 1094 113 1132 eius
127 1091 269 1132 iudicio
289 1091 388 1132 nulla
404 1095 519 1132 inerat
539 1105 693 1132 morum
711 1090 808 1131 illius
833 1089 1089 1144 reprehensio:
1120 1092 1159 1129 in
1174 1091 1327 1142 priuatis
1345 1088 1459 1128 literis
1477 1099 1604 1128 autem
1622 1087 1779 1128 licuisset
1801 1088 1908 1140 mihi,
1937 1089 1976 1128 id

31 1148 138 1202 quod
157 1148 298 1201 semper
314 1147 432 1198 licuit,
462 1158 500 1188 et
517 1148 653 1194 licebit,
679 1162 833 1188 arcanos
850 1150 967 1188 animi
981 1149 1057 1188 mei
1076 1146 1200 1186 sensus
1224 1143 1326 1199 apud
1343 1147 1522 1192 amicum,
1546 1147 1585 1184 in
1606 1147 1715 1184 cuius
1732 1143 1807 1185 fide
1828 1159 1891 1185 me
1913 1145 1976 1185 ad-

32 1204 220 1258 quiescere
235 1204 339 1257 poffe
357 1204 545 1258 putabam,
575 1218 809 1257 expromere.
869 1208 1008 1257 Itaque,
1037 1201 1063 1242 fi
1089 1202 1253 1244 omnino
1277 1201 1400 1241 vlcisci
1419 1215 1480 1241 me
1498 1201 1661 1254 volebat,
1690 1211 1818 1242 tamen
1837 1204 1872 1242 ei
1894 1215 1975 1242 non

34 1259 100 1301 nisi
119 1275 180 1313 par
196 1263 272 1314 pari
290 1259 437 1314 referre,
465 1271 502 1300 et
520 1261 626 1315 quod
641 1261 714 1300 dici
731 1261 835 1311 solet,
864 1263 945 1300 iure
960 1259 1109 1299 talionis
1135 1261 1202 1310 vti,
1234 1272 1313 1297 non
1330 1256 1522 1310 publicam
1547 1261 1644 1297 vitae
1663 1271 1705 1298 ac
1723 1271 1879 1298 morum
1899 1268 1975 1297 tur-

33 1318 215 1370 pitudinis
233 1327 362 1357 notam
381 1316 477 1357 mihi
491 1320 640 1357 inurere
664 1316 814 1357 licebat:
844 1330 924 1370 quo
942 1318 1102 1355 nomine
1128 1317 1239 1354 etiam
1257 1314 1293 1353 se
1310 1328 1329 1354 a
1352 1314 1463 1353 bonis
1483 1324 1521 1353 et
1539 1313 1715 1365 grauibus
1735 1313 1876 1368 {ibique
1895 1327 1976 1355 non

30 1375 195 1417 inimicis
213 1376 308 1413 Vir1s
324 1373 590 1426 reprehensum
615 1372 686 1413 effe
710 1386 788 1413 non
815 1375 982 1424 ignorat3
1014 1382 1051 1412 et
1075 1371 1163 1424 ipse,
1192 1373 1260 1425 qui
1276 1370 1414 1424 vbique
1432 1372 1579 1423 pietatis
1599 1384 1679 1410 non
1695 1369 1884 1411 simulatae
1899 1370 1976 1410 stu-

31 1428 139 1469 dium
157 1430 325 1482 praefert,
352 1430 490 1485 quibus
506 1430 748 1481 Theologiae
764 1440 827 1469 aut
843 1429 1103 1481 Philosophiae
1119 1430 1327 1480 praeceptis
1345 1426 1422 1466 hoc
1439 1436 1476 1467 et
1495 1426 1561 1467 alia
1578 1424 1718 1467 furoris
1737 1426 1792 1467 sui
1809 1425 1975 1468 facinora

31 1484 230 1527 defendere
255 1487 374 1539 possit,
404 1487 548 1526 viderit.
617 1487 717 1527 Mihi
740 1489 835 1526 vitae
857 1499 1090 1540 morumque
1117 1498 1292 1524 meorum
1319 1486 1412 1523 ratio
1428 1484 1510 1523 satis
1536 1484 1691 1534 constat,
1724 1493 1761 1522 et
1785 1483 1870 1524 leue
1888 1484 1939 1524 est
1954 1497 1975 1524 a

33 1552 110 1583 tam
128 1543 202 1584 leui
217 1543 341 1584 iudice
359 1543 522 1583 iudicari.
579 1546 670 1583 Non
689 1545 810 1582 multo
835 1546 960 1582 minus
978 1541 1218 1596 quadraginta
1244 1554 1364 1580 annos
1383 1538 1591 1580 indiuerfis
1609 1539 1725 1580 huius
1744 1540 1861 1592 Belgii
1880 1540 1975 1581 locis

33 1602 123 1646 vixi,
149 1610 290 1640 etcum
305 1600 432 1641 multis
450 1599 628 1640 omnium
646 1600 826 1642 ordinum
850 1598 1072 1640 hominibus
1090 1598 1250 1638 versatus
1272 1597 1364 1637 sum.
1426 1599 1478 1636 Hi
1495 1595 1652 1636 fortaffis
1668 1596 1862 1637 hilariores
1878 1611 1976 1637 non-

34 1655 158 1696 nullos
175 1656 364 1697 sermones
379 1670 488 1698 meos
504 1666 541 1697 et
556 1659 739 1697 innoxios
759 1659 867 1696 iocos
883 1655 1126 1697 audiuerunt:
1157 1657 1223 1709 qui
1246 1657 1408 1707 impium
1430 1653 1548 1693 vllum
1567 1662 1630 1693 aut
1649 1667 1812 1708 nequam
1830 1651 1974 1695 fastum

35 1711 229 1753 diistumue
253 1728 392 1758 meum,
415 1714 452 1754 se
476 1713 604 1753 vidiffe
622 1714 680 1753 vel
704 1713 896 1764 audiuisse,
920 1722 985 1752 aut
1008 1712 1119 1752 dolos
1136 1725 1178 1751 ac
1196 1710 1344 1752 fraudes
1366 1724 1465 1750 meas
1485 1719 1687 1763 expertum
1709 1709 1781 1750 effe
1803 1710 1974 1751 dic‘turus

35 1767 91 1822 fit,
119 1767 289 1809 futurum
305 1779 412 1823 puto,
440 1768 505 1810 nifi
529 1773 595 1825 qui
615 1773 767 1810 mentiri
785 1770 895 1820 volet,
927 1772 1132 1809 neminem.
1193 1772 1251 1808 De
1266 1767 1504 1815 conscientia,
1535 1780 1649 1821 quam
1668 1766 1770 1817 dicit,
1799 1780 1894 1817 mea,
1927 1767 1975 1807 de

36 1838 108 1880 qua
127 1826 250 1868 nescio
267 1827 359 1881 quid
375 1827 536 1878 blaterat,
568 1826 682 1866 iubeo
700 1827 808 1866 illum
823 1825 899 1866 fine
917 1840 1003 1866 cura
1024 1825 1106 1866 effe.
1166 1826 1224 1865 De
1241 1837 1283 1864 ea
1303 1823 1395 1864 mihi
1414 1833 1450 1863 et
1467 1823 1626 1874 dudum,
1643 1832 1846 1877 antequam
1864 1823 1974 1864 illum

38 1882 127 1929 vidi,
150 1897 258 1923 curae
282 1881 365 1931 fuit,
393 1893 430 1923 et
449 1897 550 1923 nunc
568 1897 616 1923 eo
634 1887 748 1935 magis
767 1883 829 1930 est,
857 1896 937 1937 quo
964 1885 1081 1934 magis
1099 1891 1195 1923 aetas
1218 1884 1291 1921 iam
1310 1880 1567 1932 ingrauescens
1591 1893 1651 1919 me
1667 1880 1746 1920 dies
1763 1893 1974 1931 numerare,

34 1947 75 1977 et
92 1937 137 1977 de
155 1939 298 1980 sarcinis
316 1940 536 1992 colligendis
552 1943 714 1992 cogitare
729 1940 841 1980 iubet.
901 1943 1037 1994 Neque
1057 1949 1193 1985 tamen,
1214 1936 1239 1977 fi
1256 1941 1301 1977 ita
1320 1951 1397 1976 non
1416 1937 1509 1981 effer,
1542 1936 1651 1976 vllius
1669 1939 1795 1976 minus
1812 1937 1859 1976 de
1875 1950 1915 1977 ea
1934 1950 1974 1977 re

37 1994 351 2047 admonitionem,
378 2011 488 2051 quain
506 1997 618 2038 huius
635 1999 802 2042 Catonis,
829 1997 958 2036 audire
974 1996 1122 2046 vellem,
1142 1999 1179 2035 in
1198 2008 1314 2050 quem
1330 2004 1466 2034 notum
1488 1993 1592 2045 illud,
1616 1991 1749 2046 Ἰσιτξὲς
1774 1992 1896 2034 ἄλλων
1912 1995 1973 2034 αὖ·

38 2048 98 2094 τὸς
115 2049 236 2092 ’ἕλκεσι
257 2051 372 2106 Rebas,
402 2057 449 2093 ita
475 2057 668 2104 conuenit,
700 2065 740 2093 vt
765 2057 803 2094 in
823 2056 1016 2094 neminem
1037 2052 1152 2092 alium
1170 2054 1295 2102 magis.
1354 2054 1452 2090 Nam
1469 2052 1547 2104 qui,
1579 2050 1779 2103 postquam
1799 2049 1972 2101 Delphos

37 2109 151 2157 venit,
167 2108 408 2150 conscientias
423 2110 556 2150 alienas
573 2111 766 2161 sollertius,
783 2123 896 2165 quam
916 2110 1011 2150 vllus
1031 2110 1190 2161 aruspex
1206 2108 1313 2147 tibras
1330 2107 1536 2160 pecudum,
1559 2109 1682 2146 rimari
1699 2105 1840 2155 didicit,
1865 2105 1890 2145 fi
1908 2106 1971 2146 de-

37 2161 158 2216 posito
175 2177 304 2205 amore
319 2165 372 2204 sui
391 2169 427 2205 in
449 2167 483 2207 se
501 2167 727 2212 descendere,
755 2177 792 2207 et
811 2169 982 2206 animum
1007 2165 1118 2206 suum
1135 2175 1311 2205 excutere
1330 2163 1442 2210 volet,
1472 2173 1576 2217 quot,
1601 2173 1637 2202 et
1662 2176 1774 2217 quam
1791 2165 1970 2203 immania

37 2221 78 2260 in
102 2234 150 2260 eo
175 2221 337 2260 monstra
363 2222 529 2263 stabulari
552 2222 842 2264 animaduertet?
884 2227 1027 2262 Vanam
1046 2219 1291 2271 δοκησισοφίαν,
1323 2219 1596 2261 intolerabilem
1613 2218 1760 2269 fastum,
1791 2218 1970 2258 atrociffi-

39 2289 119 2317 mas
137 2277 182 2316 de
200 2277 277 2317 aliis
294 2278 533 2330 suspiciones,
563 2280 762 2332 malignam
779 2279 974 2331 inuidiam,
1007 2277 1277 2330 implacabilem
1299 2277 1540 2323 iracundiam,
1555 2277 1735 2316 effrenem
1752 2277 1971 2315 conuician-

38 2332 77 2372 di
98 2344 136 2372 et
155 2334 398 2375 maledicendi
424 2335 628 2387 libidinem,
653 2347 690 2376 et
712 2336 935 2377 indomitam
958 2333 1144 2375 vindiciae
1168 2334 1430 2386 cupiditatem:
1462 2347 1628 2386 quorum
1654 2335 1826 2372 omnium
1852 2330 1971 2384 θηξίων

38 2387 106 2429 sub
130 2392 292 2443 imperio
317 2392 352 2431 se
379 2396 493 2432 teneri
518 2406 595 2432 non
622 2405 775 2434 tenuem
801 2393 1003 2448 quamdam
1023 2392 1283 2444 suspicionem,
1315 2391 1374 2430 sed
1393 2389 1678 2430 manifessiffima
1698 2391 1735 2427 in
1753 2387 1812 2427 illa
1831 2386 1971 2428 Praefa-

41 2447 146 2485 fione
165 2459 200 2486 et
220 2447 396 2488 Vindiciis
414 2447 643 2491 documenta
660 2449 770 2490 dedit.
830 2453 877 2496 Si,
905 2449 1101 2502 postquam
1119 2447 1154 2487 sc
1173 2447 1270 2487 bona
1298 2447 1372 2487 fide
1390 2447 1586 2493 concussit,
1616 2444 1706 2484 nihil
1724 2445 1859 2482 horum
1879 2446 1916 2483 in
1934 2445 1971 2485 se

41 2500 305 2554 deprehendet,
338 2516 375 2544 et
397 2505 442 2546 ab
469 2509 576 2545 omni
605 2505 742 2546 horum
768 2509 949 2546 vitiorum
972 2499 1034 2555 (de
1050 2505 1128 2545 aliis
1148 2504 1210 2543 liic
1229 2517 1305 2543 non
1325 2504 1375 2543 cst
1395 2503 1543 2543 dicendi
1560 2502 1680 2547 locus)
1698 2500 1776 2540 labe
1795 2498 1970 2540 intat‘lam

41 2554 191 2599 habebit
205 2559 463 2603 sant‘tiffimam
479 2563 756 2618 piissimamque
772 2566 946 2615 animam,
955 2576 1019 2616 per
1036 2576 1099 2604 me
1117 2562 1202 2602 licet
1217 2560 1325 2607 dicat,
1336 2561 1470 2600 Gratias
1486 2560 1544 2598 tihi
1558 2571 1636 2608 ago,
1648 2559 1796 2609 Domine,
1807 2557 1898 2611 quod
1907 2572 1970 2597 non
