2166 2777
463 16 752 64 HENRICI
785 15 1140 62 STEPHANI
1178 15 1589 62 PRAEFATIO.
1886 20 2010 61 &Lm

10 124 16 127 ”
56 127 297 171 iunfflonem
313 127 412 169 illam
429 126 661 168 intercedere
679 102 823 167 fatearis
841 125 984 166 necess‘e
1002 125 1063 166 est.
1116 127 1340 178 Quinetiam
1357 139 1438 181 quo
1456 124 1664 166 maioribus
1681 94 1907 177 lingularum
1923 127 2007 178 opi-

60 186 132 227 bus
150 195 187 226 te
199 185 448 226 cumularunt
472 183 582 249 (quid
598 185 700 223 enim
716 183 761 223 ad
789 182 1050 249 multiplicem,
1074 196 1184 237 quarn
1210 181 1278 222 tibi
1300 182 1448 237 largitae
1472 183 1568 231 sunt,
1597 180 1808 223 dodtrinam
1835 181 2006 235 addipo-

7 239 15 242 ⁷
60 240 148 283 test?
157 247 193 296 )‚
222 255 272 283 eo
289 251 386 282 certe
405 243 521 292 magis
540 242 579 280 in
594 241 711 280 animi
731 239 864 291 ingrati
889 242 1033 279 crimen
1058 241 1237 284 incurres,
1262 237 1327 278 nifi
1347 249 1383 279 te
1398 248 1524 279 totum
1543 237 1733 278 litterariae
1753 238 1896 278 illarum
1914 241 2003 304 reip.

33 330 35 332 -
59 300 186 348 (cuius
203 308 240 338 te
263 297 366 337 velut
383 296 566 338 columen
586 295 660 336 esse
679 295 903 344 voluerunt)
929 299 976 336 ita
1002 295 1126 343 dedas,
1155 298 1204 335 ita
1228 294 1327 334 illius
1350 295 1567 335 commodis
1591 295 1846 344 i11seruias‚vt
1873 299 2003 336 omnia

60 357 238 396 omnium
255 355 469 406 principum
487 362 598 407 atque
615 351 711 393 adeo
729 365 860 403 regum
879 354 1028 404 negotia
1047 351 1132 402 illis,
1155 361 1336 404 tanquam
1351 346 1504 403 profana
1521 352 1641 399 sacris,
1663 326 1916 403 posth’abenda
1934 352 2002 391 du-

60 423 130 452 caS.
188 409 259 450 Sed
277 409 324 449 de
340 408 398 449 his
415 408 769 461 11ad'tenus.Q1id
786 418 911 448 autem
931 410 1024 448 meis
1040 408 1110 447 illis
1126 407 1326 448 sudoribus
1341 408 1528 448 effecerim
1546 408 1711 456 (efficere
1728 408 1884 461 quidem
1904 418 2003 450 certe

10 481 19 487 ‘¹
59 476 218 508 ‘conatus
243 464 322 516 fim,
344 474 461 520 atque
485 479 534 506 ex
556 474 670 518 parte,
698 468 737 504 ni
760 463 884 515 fallor,
917 465 1137 512 effecerim),
1176 477 1258 504 non
1284 466 1379 504 circa
1395 463 1635 514 Thucydidis
1653 466 2002 516 interpretationem

60 523 251 570 duntaxat,
275 522 338 562 sed
360 532 397 563 et
418 525 512 562 circa
531 524 721 562 Graecum
751 523 843 567 eius,
871 530 907 560 vt
931 522 1048 573 vulgo
1073 520 1281 575 loquimur,
1308 530 1469 568 textum,
1498 522 1665 574 itemque
1688 523 1782 560 circa
1803 523 1943 561 Graeca
1962 525 2001 563 in

57 581 149 621 ‘eum
167 578 322 619 scholia:
346 592 395 619 ex
417 577 570 632 epistola
594 575 727 618 lectori
749 577 920 630 inscripta
945 576 989 630 (fi
1007 578 1127 630 legere
1144 587 1181 618 et
1197 576 1353 626 vacabit,
1378 587 1415 617 et
1430 590 1543 629 graue
1561 591 1641 617 non
1656 579 1743 627 erit)
1768 576 1876 630 plane
1889 587 2002 633 atque

57 633 183 691 aperte
200 634 435 687 intelliges.
452 635 556 687 Vale,
585 644 633 674 et
640 647 702 674 me
718 647 840 674 amare
858 647 982 686 perge.

0 728 2 732 ,
161 694 326 744 Scripta
316 705 389 732 iam
407 701 484 732 erat
501 690 665 744 epistola,
691 704 813 744 quum
838 691 1008 730 versuum
1031 689 1269 744 quorundam
1296 688 1514 731 recordatus
1529 690 1624 740 sum,
1651 702 1749 744 quos
1765 703 1783 730 a
1799 703 1862 730 me
1882 704 2002 744 nuper

20 761 28 770 ·’
58 752 157 791 inter
173 749 420 803 equitandum
437 748 565 787 lusos
556 762 593 787 in
611 746 715 787 hunc
729 746 938 797 austorem‚
964 747 1169 787 mittendos
1186 747 1230 787 ad
1248 756 1295 794 te,
1320 756 1510 801 tuumque
1526 748 1573 786 de
1591 722 1660 786 il'li's
1676 747 1859 787 iudicium
1873 749 2003 801 exspe-

0 814 6 830 ²
25 802 29 804 ἡ
59 805 239 847 'standum
257 805 395 846 censui.
454 804 574 856 Quod
591 802 615 844 fi
632 816 753 844 meam
772 804 875 844 istam
892 804 1102 857 equestrem
1128 808 1187 855 (vt
1201 807 1248 844 ita
1266 803 1418 858 loquar)
1442 803 1588 843 musam
1603 803 1706 843 alteri
1721 817 1825 844 meae
1842 804 2001 856 pedestri

58 860 337 928 praeferendam
353 861 588 911 iudicaueris‚
615 861 870 913 superioribus
888 859 1133 912 petitionibus
1150 859 1246 909 hanc
1265 873 1408 900 nouam
1425 859 1571 906 addam,
1597 870 1636 900 vt
1645 869 1709 911 tu,
1737 863 1805 914 qui
1822 869 1859 900 et
1874 871 2001 910 φιλιπ-

58 918 222 961 πέτσιτος
245 929 282 958 et
307 916 560 960 ἷππικωτοιτος
585 916 752 966 haberis,
794 917 839 957 ad
867 917 1106 969 deligendum
1132 917 1225 957 mihi
1248 916 1412 970 aliquem
1435 915 1710 988 bucephalam
1719 929 1877 956 omnem
1900 916 2001 959 illam

58 984 165 1015 tuam
180 972 349 1015 conferas
374 974 570 1014 solertiam
604 985 643 1013 vt
645 987 746 1027 ego,
776 972 949 1014 inueaus
975 987 1077 1026 equo
1099 972 1225 1023 μεγσί)
1229 992 1265 1023 ω,
1293 971 1497 1022 μεγαλείους
1518 969 1711 1024 μεγαλα-ντὶ
1736 986 1895 1025 pangam
1917 987 2000 1014 ver-

10 1044 11 1047 ’
61 1030 134 1072 sus.
191 1033 345 1072 Interim
363 1029 435 1071 hos
451 1034 590 1083 accipe,
618 1028 678 1071 {vel
705 1030 841 1085 πονηςοῧ
866 1027 1038 1084 ἷπποιξῖου
1062 1027 1822 1083 ἆ.καλΛιθοξυβωδομουσοταχυπατσίκτους

57 1158 63 1163 ”
163 1146 215 1184 Hi
229 1145 342 1198 versus,
367 1160 503 1198 quorum
512 1148 639 1198 primm·
655 1144 716 1195 ist:
743 1141 804 1184 ᾳΩ
829 1141 908 1197 ξένε,
937 1143 964 1184 εἰ
978 1142 1096 1192 μόθων
1116 1140 1375 1186 πολυδαίδαλοι
1395 1139 1526 1194 ψεύδεσι
1540 1135 1629 1199 ‹3⁸1qu,
1656 1141 1804 1198 leguntur
1818 1143 1900 1184 inter
1917 1143 1999 1185 Elo-

57 1203 119 1252 gia
135 1208 163 1240 et
180 1203 302 1241 Iudicia
322 1203 360 1241 cle
374 1200 602 1252 Thucydide
618 1201 659 1240 ab
676 1200 867 1242 Hudsono
883 1200 1018 1242 collefta.
