2166 2777
1202 8 1208 11 “
1235 9 1445 23 α--ὸ

1236 26 1442 34 ...φ-,-
1451 26 1455 28 *

147 7 262 38 XLIV

268 98 1978 224 HENRICVSSTEPHANVS

638 283 902 329 LECTORI
939 285 1194 342 Thucydidis
1232 286 1422 331 studioso
1452 286 1496 332 s.
1532 288 1587 331 D.

238 441 429 489 UNAM,
456 437 609 484 Ledior,
635 437 698 479 ista
714 453 797 480 mea
814 439 1051 491 Thucydidis
1068 439 1203 491 editio,
1233 440 1443 482 multorum
1458 445 1558 483 votis
1582 455 1666 483 eam
1685 441 1911 496 iampridem
1927 441 2089 483 auidiffi-

269 509 331 535 me
357 497 615 548 expetentium
639 496 875 549 respondeat:
906 496 983 537 hoc
1006 497 1133 537 saltem
1156 497 1203 537 de
1231 510 1285 548 ea,
1311 499 1585 553 qualiscunque
1606 500 1668 546 est,
1694 498 1873 539 affirmare
1890 512 1969 539 non
1984 511 2089 539 vere·

146 549 229 600 bor,
253 551 445 592 eiusmodi
460 551 543 602 effe,
562 565 657 606 quae
673 563 710 593 et
727 567 849 593 meam
870 552 980 606 ipfius
997 553 1113 606 spem,
1130 563 1167 593 et
1184 566 1297 608 quam
1314 555 1393 594 aliis
1412 558 1606 596 concitaui
1623 555 1952 608 exspediationem,
1975 554 2089 607 longe

146 606 303 659 superet,
360 608 487 649 Multo
505 611 607 648 enim
628 608 744 661 plura,
764 623 878 664 quam
894 623 955 650 me
975 611 1234 662 praestiturum
1259 621 1322 665 aqut
1337 611 1539 664 sperassem,
1554 622 1620 651 aut
1634 615 1812 665 cuiquam
1832 612 2020 665 pollicitus
2035 610 2089 651 es-

146 663 236 714 sem,
277 665 444 717 praestita
471 665 543 705 effe
567 669 859 718 comperientur.
921 668 1055 718 Quum
1083 676 1209 706 autem
1234 677 1306 706 tres
1330 664 1368 707 in
1385 679 1504 721 partes
1533 667 1696 708 diuisum
1713 667 1754 708 fit
1777 668 1960 723 quicquid
1976 667 2089 707 studii

146 730 258 774 atque
283 734 420 774 operae
446 724 486 761 in
502 722 604 762 hunc
623 721 819 763 audiorem
842 723 1000 774 contuli,
1024 727 1176 776 (partim
1201 726 1303 763 enim
1329 727 1424 764 circa
1449 724 1570 777 ipsum
1589 724 1828 776 Thucydidis
1849 735 2088 777 contextum,

147 780 280 830 partim
295 780 391 817 circa
407 777 547 818 scholia
564 781 598 819 ei
615 778 789 832 apposita,
819 782 953 832 partim
971 782 1067 820 circa
1081 780 1250 820 Latinam
1269 783 1349 820 eius
1371 783 1716 834 interpretationem
1735 795 1843 822 meus
1861 781 2019 821 versatus
2036 781 2089 824 est

148 833 268 886 labor)
293 835 333 874 in
357 843 429 874 tres
456 834 586 874 itidem
613 846 731 888 partes
751 850 882 876 meum
906 836 1121 876 sermonem
1137 836 1319 889 diuidere,
1350 848 1388 878 et
1406 837 1452 877 de
1471 838 1613 878 horum
1639 852 1877 893 vnoquoque
1895 836 2089 890 sigillatim,
2116 860 2123 863 -

147 903 195 931 eo
213 904 293 945 quo
309 890 495 944 propofita
514 888 597 931 sunt
615 892 761 943 ordine,
789 906 905 945 pauca
921 892 1090 933 disserere
1106 894 1258 933 institui.
1589 926 1591 928 .
1928 928 1931 929 ⁷

249 948 308 986 DE
340 961 465 987 Primo
494 950 606 998 igitur
629 947 708 989 hoc
724 949 790 989 tibi
808 952 974 1001 primum
999 950 1189 1002 persuade,
1217 952 1334 990 mein
1352 951 1634 1005 conquirendis,
1660 964 1767 991 more
1788 965 1888 1000 meo,
1918 959 2090 990 veterum

147 1003 573 1044 codicum'lee'liouibus
589 1019 716 1046 curam
734 1017 771 1046 et
788 1007 1018 1057 diligentiam
1036 1018 1211 1061 quantam
1234 1011 1424 1060 potuerim
1450 1010 1654 1054 maximam
1677 1007 1897 1048 adhibuiffe:
1932 1020 2002 1046 nec
2018 1008 2090 1046 mi-

148 1063 232 1100 nori
251 1070 376 1100 tamen
393 1075 483 1101 cum
502 1061 696 1113 religione,
713 1076 825 1117 quam
844 1066 883 1102 in
899 1063 990 1114 aliis,
1021 1077 1119 1118 quos
1135 1063 1290 1104 antehac
1312 1065 1426 1114 edidi,
1441 1064 1671 1111 aueioribus,
1696 1064 1856 1104 diuersas
1872 1063 2088 1104 editionum

147 1118 385 1170 superiorum
403 1116 584 1158 lediiones
604 1123 763 1171 (praeter
783 1133 856 1168 eas,
874 1134 969 1174 quae
987 1117 1178 1160 manifeste
1196 1121 1414 1172 deprauatae
1432 1115 1556 1172 erant)
1578 1121 1636 1160 vel
1652 1124 1691 1161 in
1707 1121 1787 1173 ipso
1803 1130 1922 1171 textu,
1948 1119 2009 1160 vel
2025 1118 2090 1160 sal-

148 1182 226 1213 tem
245 1176 283 1213 in
300 1176 466 1225 margine
484 1175 683 1215 retinuisse.
743 1178 827 1216 Imo
845 1175 980 1216 alicubi
999 1179 1111 1216 nimis
1130 1180 1240 1216 etiam
1260 1184 1320 1225 (vt
1336 1181 1502 1231 ingenue
1519 1176 1647 1228 fatear)
1670 1178 1862 1228 religiosus
1880 1176 1967 1221 fuit.
1983 1179 2090 1230 quip-

148 1244 196 1283 pe
212 1232 278 1283 qui
298 1230 451 1283 ipsemet
467 1231 592 1283 postea
612 1234 649 1271 in
671 1231 766 1271 locis
783 1233 940 1286 aliquot,
969 1247 1090 1286 quum
1111 1246 1178 1273 eos
1197 1246 1261 1285 per
1279 1235 1404 1272 otium
1422 1236 1596 1273 attentius
1615 1234 1878 1286 expenderem,
1908 1232 2089 1273 teutones
2108 1231 2116 1233 ”

149 1289 304 1338 margini
329 1300 347 1326 a
371 1300 432 1326 me
455 1286 637 1340 appofitas
662 1288 733 1327 effe
756 1289 1096 1338 animaduerterim,
1125 1302 1217 1342 quas
1234 1291 1272 1327 iu
1293 1288 1415 1341 ipsum
1441 1292 1569 1340 potius
1588 1299 1735 1329 textum
1759 1287 1932 1342 recepiffe
1948 1288 2099 1333 debu-ez,

149 1357 237 1383 ram.
295 1345 351 1382 Ac
372 1356 513 1394 vereor,
531 1357 578 1383 ne
596 1357 677 1383 mea
693 1346 732 1383 in
751 1344 828 1384 hoc
846 1358 1006 1398 quoque
1023 1344 1312 1396 reprehendatur
1327 1344 1470 1396 religio,
1497 1345 1602 1398 quod
1620 1344 1822 1386 nonnullas
1839 1345 1945 1398 plane
1963 1344 2087 1384 absur-

149 1399 212 1439 das
229 1412 444 1451 expungere
462 1399 570 1438 ausus
586 1413 663 1439 non
682 1398 831 1440 fuerim.
866 1424 870 1425 ν
889 1400 960 1440 Sed
976 1403 1023 1440 ita
1044 1414 1105 1440 me
1127 1401 1349 1453 iampridem
1367 1404 1591 1453 comparaui‚
1619 1412 1660 1441 vt
1676 1401 1805 1454 malim
1821 1401 2030 1441 timiditatis
2047 1403 2087 1440 in

149 1455 258 1495 rebus
276 1456 508 1500 huiusmodi,
538 1469 652 1510 quam
668 1456 856 1509 audaciae,
879 1456 1028 1509 culpam
1053 1457 1239 1498 sustinere.
1295 1460 1383 1497 Hoc
1399 1468 1486 1505 erat,
1513 1456 1619 1511 quod
1639 1459 1704 1498 tibi
1721 1460 1845 1510 primo
1863 1457 1951 1497 loco
1966 1469 2087 1509 expo-

149 1512 318 1552 nendum
346 1511 553 1552 censebam.
614 1515 788 1566 Sequitur
811 1513 986 1563 alterum,
1015 1515 1054 1552 in
1078 1527 1116 1553 re
1140 1516 1246 1566 parui
1270 1516 1458 1553 momenti
1483 1513 1668 1566 positum,
1695 1521 1762 1564 (vt
1791 1514 1945 1568 quidem
1969 1515 2088 1566 prima

149 1566 274 1608 fronte
293 1568 407 1607 videri
428 1568 626 1620 poffit)sed
643 1572 752 1608 cuius
773 1571 986 1609 maximum
1003 1569 1073 1609 effe
1092 1570 1255 1622 pondus,
1281 1570 1452 1624 quotidie
1469 1572 1509 1609 in
1528 1570 1693 1622 legendis
1709 1569 1925 1610 auctoribus
1941 1571 2088 1623 experi-

151 1638 247 1666 mur.
305 1627 391 1675 Qua
410 1628 522 1675 igitur
540 1627 579 1663 in
597 1638 635 1664 re
651 1624 919 1665 alterum‘illud
937 1623 1119 1665 versatur?
1158 1627 1201 1665 In
1225 1626 1512 1679 interpungendi
1538 1630 1693 1667 ratione.
1753 1627 1957 1670 Quantum
1983 1629 2089 1667 enim

151 1680 381 1721 obscuritatis
398 1680 488 1720 huic
507 1680 663 1731 auc‘iori,
696 1684 857 1721 nimium
875 1684 948 1721 iam
969 1680 1130 1722 obscuro
1150 1682 1305 1736 alioqui,
1320 1697 1367 1723 ex
1384 1684 1625 1736 praeposteris
1643 1681 2011 1736 interpunc'iionibus
2027 1695 2088 1723 ac-

151 1736 287 1777 ceffiffe
304 1735 512 1776 existimas?
541 1740 712 1777 Tantum
729 1737 884 1784 accessu,
913 1751 1001 1778 meo
1019 1738 1174 1792 quidem
1190 1739 1346 1787 iudicio,
1370 1749 1409 1778 vt
1424 1740 1627 1791 ipsummet
1640 1739 1910 1791 Thucydidem
1931 1739 2087 1780 antehac

152 1792 293 1833 multos
311 1793 394 1832 suae
411 1792 583 1833 historiae
605 1793 712 1834 locos
731 1797 771 1834 in
796 1794 1050 1846 superioribus
1077 1794 1307 1835 editionibus
1333 1795 1530 1847 legentem,
1559 1797 1623 1835 diu
1646 1795 1903 1836 dubitaturum
1921 1806 1957 1835 et
1973 1793 2087 1835 haefi-

151 1859 316 1889 taturum
333 1847 438 1889 fuiffe
456 1850 674 1890 existimem.
731 1850 853 1890 Valiae
868 1860 966 1890 certe
984 1851 1252 1903 saepenumero
1275 1851 1431 1905 suorum
1456 1852 1589 1892 itidem
1607 1852 1878 1906 exemplarium
1895 1851 2087 1905 peruersae

152 1902 474 1958 interpunc'iiones
499 1919 728 1960 magnorum
753 1920 923 1946 errorum
946 1907 1070 1946 ansam
1097 1907 1359 1959 praebuerunt.
1414 1910 1524 1959 Quae
1548 1912 1676 1948 omnia
1694 1911 1730 1948 in
1750 1922 1840 1949 meo
1856 1911 2082 1949 Annotatio-

152 1976 246 2002 num
261 1964 300 2001 in
316 1962 585 2012 Thucydidem
605 1961 700 2002 libro
727 1963 908 2015 exemplis
927 1963 1081 2015 probare
1099 1964 1261 2004 decreui.
1320 1968 1395 2004 Iam
1414 1978 1501 2005 vero
1528 1975 1564 2005 et
1583 1962 1871 2018 typographicas
1890 1964 2087 2016 parenthe-

152 2019 230 2059 secos
256 2027 363 2057 notas
389 2017 559 2070 plurimis
582 2018 674 2058 locis
699 2017 746 2058 fic
771 2019 1008 2066 inseruimus,
1037 2029 1077 2058 vt
1103 2033 1149 2060 ex
1173 2019 1441 2061 obscuriffimis
1466 2021 1682 2062 clariffimos
1706 2021 1992 2062 reddiderimus.
2047 2022 2086 2061 Si

153 2077 236 2129 quis
254 2084 379 2114 tamen
395 2084 513 2126 roget,
539 2088 586 2114 an
605 2088 740 2115 omnes
758 2076 1006 2128 praeposteras
1024 2075 1280 2117 distinctiones
1303 2077 1394 2117 loco
1410 2078 1479 2118 suo
1498 2081 1744 2124 mouerimus,
1772 2092 1819 2118 an
1835 2090 2084 2132 quaecunque
2146 2112 2150 2115 .

153 2130 306 2171 omiffae
323 2140 423 2170 erant
439 2130 701 2177 addiderimus,
729 2145 775 2171 an
794 2135 884 2171 item
904 2132 1159 2184 parentlieseoes
1178 2136 1278 2172 notis
1303 2147 1551 2187 quaecunque
1568 2134 1912 2179 includendaerant
1927 2133 2085 2173 incluse-

152 2190 282 2237 rimus‚
312 2197 386 2227 tam
404 2186 570 2227 exadiam
587 2187 671 2227 sane
691 2188 918 2239 diligentiam
947 2188 1058 2228 nobis
1078 2202 1157 2230 non
1175 2189 1440 2241 arrogabimus,
1470 2190 1531 2230 sed
1555 2190 1670 2232 multa
1689 2191 1910 2230 huiusmodi
1925 2199 2084 2243 praeter-

153 2244 256 2285 miffa
280 2243 352 2283 effe
374 2241 584 2293 fatebimur,
614 2257 780 2297 quorum
805 2244 926 2298 aliqua
952 2246 992 2284 in
1017 2244 1115 2284 calce
1141 2247 1454 2298 interpretationis
1469 2249 1622 2287 Latinae
1645 2246 1806 2288 breuiter
1821 2247 2083 2295 iudicauimus,

153 2302 328 2352 tantisper
345 2299 437 2339 dum
458 2309 496 2339 et
518 2313 557 2340 ea
574 2300 648 2351 ipsa
664 2310 701 2339 et
718 2300 783 2340 alia
803 2301 950 2353 insuper
966 2300 1081 2340 multa
1099 2303 1138 2340 in
1163 2301 1230 2342 illo
1248 2302 1377 2342 nostro
1393 2303 1700 2344 Annotationum
1725 2303 1821 2343 libro
1843 2303 1949 2343 latius
1964 2315 2084 2355 expo-

155 2369 341 2396 neremus.
387 2356 471 2397 iSed
489 2356 594 2410 quod
611 2356 654 2396 ad
670 2356 901 2409 parentheses
924 2355 977 2405 (id
993 2358 1045 2396 est
1061 2357 1320 2409 parenthesems
1336 2363 1464 2404 notas)
1479 2363 1621 2411 attinet,
1649 2371 1690 2400 vt
1703 2360 1840 2413 aliquas
1855 2373 1920 2411 per
1938 2362 2082 2411 impru-

157 2412 331 2459 dentiam,
356 2415 402 2453 ita
420 2415 530 2452 etiam
554 2413 754 2452 nonnullas
781 2412 955 2453 consulto
976 2414 1239 2465 praetermissas
1263 2414 1334 2454 effe
1350 2415 1457 2466 scito,
1483 2417 1586 2457 iniis
1606 2419 1787 2457 nimirum
1804 2415 1911 2466 locis,
1942 2418 1980 2455 in
1998 2416 2088 2468 qui-⁷

156 2467 236 2514 bus,
264 2482 385 2523 quum
400 2468 646 2520 Thucydides
662 2471 714 2510 vti
729 2468 933 2524 parenthesi
950 2472 1076 2524 primo
1095 2468 1268 2524 adspeeiu
1286 2471 1463 2520 videatur,
1491 2486 1574 2515 eam
1588 2471 1614 2515 fi
1630 2475 1713 2528 quis
1729 2474 1885 2527 propius
1899 2472 2082 2525 inspiciat,
