2239 2818
196 135 258 173 850
1025 136 1317 168 INDEX

233 216 394 243 Camarinaei
408 217 448 243 bis
465 218 566 244 sedibus
583 219 635 245 suis
650 219 724 252 pulsi.
742 219 790 250 VI,
806 224 830 252 ς.
848 220 979 253 quomodo
993 219 1017 245 se
1032 220 1152 253 geffetint

232 258 290 282 erga
305 252 476 277 Athenienses
492 261 518 278 et
534 254 712 285 Syracusanos.
731 255 778 283 Vl,
794 259 835 283 88.
850 262 902 278 etc.

201 282 339 316 Cambyses
358 286 420 317 Cyri
437 287 472 311 fil.
489 287 622 311 Persarum
637 296 681 311 rex
708 289 728 316 I,
745 295 785 318 13.
821 289 888 312 Vide
903 289 1056 313 Herodotum.

201 317 344 347 Cnmejrus.
361 319 434 347 VIII,
452 327 490 352 44.
527 321 594 344 Vide
611 322 700 345 Herod.
717 322 734 344 Ι.
752 328 774 347 1.
792 322 866 346 Strab
898 322 916 346 1.
935 329 973 353 14.

200 350 387 409 Cazaslraeuip.
412 354 459 381 IV,
477 359 533 379 110.
570 354 638 379 Vide
657 356 747 380 Herod.
769 355 788 379 I.
804 363 829 389 7.
855 355 939 381 Strab·
957 356 1025 386 Epit-
1046 356 1065 381 l.
1078 361 1103 387 7·
1124 362 1152 381 et

256 393 342 413 imum,
373 403 377 409 .
430 404 437 410 .

200 392 451 450 Canis—sepulcriin.
486 420 553 444 Vide
571 420 710 453 Cynoffbma.

199 451 316 482 Capaton
333 459 406 484 patei·
422 453 542 479 Proxeni.
560 455 606 483 III,
622 461 681 485 103.

199 484 437 518 Capita-quercus,
456 487 507 511 loci
523 492 625 512 nomen.
645 489 692 517 lll,
707 496 750 523 24.

198 517 326 543 Carcinus
341 520 476 544 Xenotimi
492 520 526 544 fii.
550 521 584 549 II,
602 528 644 553 23.

199 551 361 590 Cardamyla.
384 554 458 582 VIII,
473 560 514 586 24.
550 555 617 580 Vide
636 556 720 581 Strab.
738 556 757 581 1.
775 559 799 586 8.
824 562 851 582 et
865 556 1009 588 Faustiniani
1026 556 1053 581 in
1069 556 1151 581 Laco-

232 593 300 609 nicis

199 617 286 657 Caria.
302 619 323 647 l,
342 620 399 646 116.
417 620 452 649 Π,
467 628 492 653 9.
513 621 592 646 Cares
613 622 709 647 insulas
726 624 789 648 olim
805 624 974 653 habitabant,
1001 631 1027 649 et
1043 624 1151 649 latroci-

231 660 275 676 nia
292 654 453 677 exercebant.
469 655 490 682 I,
507 659 529 683 8.
552 656 578 679 in
598 655 665 680 Delo
682 657 795 689 sepulti,
824 665 849 682 et
871 658 1002 689 quomodo
1019 666 1049 682 ex
1066 666 1152 682 armo-

232 693 289 710 rum
303 694 395 723 genere
411 688 499 718 agniti.
509 689 566 713 ibid.
583 689 662 713 Cares
677 690 837 715 inuenerunt
851 692 976 716 vmbones
991 692 1154 723 clypeorum,

234 726 259 743 et
275 719 362 744 cristas
377 721 517 751 galearum.
535 722 606 747 Schol.
624 723 686 746 ibid.
706 724 827 748 Caricum
839 732 917 748 mare.
953 724 1020 748 Vide
1034 726 1116 749 Mare.

199 751 318 791 Carnea,
343 753 403 778 festa
421 755 512 779 Laced.
528 757 562 784 V,
581 764 620 788 54.
637 763 681 789 75.
698 765 724 781 et
739 759 781 789 76.
806 758 922 782 Carneus
937 757 1040 782 mensis.
1059 758 1093 785 V,
1110 765 1151 790 54.

232 794 259 810 in
285 794 315 810 eo
337 795 350 811 :i
375 788 470 813 militia
494 789 623 814 abstinent
645 790 738 815 Laced.
767 791 840 816 Schol.
862 791 926 817 ibid.
961 791 1029 816 Vide
1051 790 1152 822 Meurſsi

231 819 342 844 Miscen.
359 820 444 845 Lacon
474 822 489 847 1.
506 829 531 853 3.
548 831 569 847 c.
585 828 610 853 8.

198 852 358 883 Caromalis,
376 855 440 879 olim
455 855 600 881 Taenarus.
617 856 690 882 Schot.
708 857 858 884 in‘Annott.
873 859 904 885 ad
918 859 940 888 1,
956 863 1014 889 128.
1028 858 1108 884 Tom.
1117 859 1151 884 11.

232 895 259 919 p.
275 894 334 918 527.

198 920 354 951 Carpathus.
373 922 443 946 Schol.
462 923 492 947 ad
508 924 541 951 II,
558 931 582 956 9.

198 954 413 985 Carthaginenses
429 965 442 980 a
459 956 648 982 Phocaeniibus
662 958 736 983 vieti.
756 960 777 988 I,
795 965 836 991 13.

199 987 304 1019 Caryes.
326 988 359 1016 V,
379 995 420 1020 55.

198 1020 307 1052 Carystii
324 1022 385 1046 visti
401 1023 432 1046 ab
449 1023 546 1049 Athen.
565 1024 586 1051 I,
602 1028 645 1056 98.
665 1024 784 1058 Dryopes
802 1026 871 1051 sunt.
894 1027 955 1054 VII,
972 1032 1013 1058 57·

198 1054 336 1079 Casmenae
360 1065 373 1080 a
397 1057 561 1088 Syracusanis
583 1058 713 1082 conditae.
739 1060 786 1088 VI,
810 1066 835 1091 ς.
871 1061 939 1086 Vide
955 1061 1056 1085 Cluuem'i·
1077 1059 1149 1086 Sicil.

198 1121 311 1146 castoris
328 1129 354 1146 et
370 1123 483 1147 Pollucis
498 1125 604 1156 templa.
638 1125 706 1150 Vide
723 1126 874 1159 Templum.

198 1155 288 1180 casus.
307 1156 373 1180 Schol
394 1157 424 1180 ad
442 1157 474 1185 II,
491 1165 515 1189 q.

198 1189 296 1213 Catana
321 1190 422 1221 quando
444 1198 470 1214 et
493 1200 505 1215 a
529 1200 580 1223 quo
604 1193 717 1217 condita.
740 1194 788 1222 VI,
804 1201 830 1224 3.
864 1194 932 1218 Vide
954 1194 1056 1218 Cluuerii
1076 1194 1150 1219 Sicil.

231 1231 259 1254 p.
284 1223 340 1249 116.
358 1231 408 1249 etc.
436 1224 558 1249 Catanaei
581 1227 711 1257 regionem
734 1226 778 1251 sub
801 1228 887 1252 Aetna
910 1236 998 1252 monte
1020 1228 1149 1253 incolunt.

232 1256 279 1284 Ill,
296 1259 352 1282 II6.
377 1257 403 1280 in
420 1257 617 1283 Atheniensium
631 1260 784 1291 porestatem
798 1261 898 1284 rediisti.
918 1262 966 1289 VI,
985 1268 1026 1293 51.

198 1288 336 1314 Caulonia.
356 1291 415 1319 Vll,
433 1297 475 1322 25.

198 1323 315 1348 Caunus.
334 1324 353 1352 l,
372 1323 430 1349 116.
452 1325 522 1354 VIII,
539 1333 580 1358 39.
596 1333 638 1358 42·
657 1333 697 1361 57.
735 1327 802 1352 Vide
821 1328 904 1353 Strab.
920 1328 938 1352 1.
956 1335 997 1359 14.

199 1356 307 1381 Cecalus
325 1364 397 1389 patei·
412 1357 509 1382 Nicasi.
535 1360 582 1388 IV,
599 1367 654 1393 119.

197 1389 325 1422 Ceciopia
355 1392 387 1419 II,
407 1399 446 1424 ¹9·
755 1421 765 1426 ς

197 1423 314 1456 Cecrops
332 1425 429 1449 Athen.
447 1433 499 1450 rex.
516 1426 550 1454 ll,
570 1432 607 1457 ις.
626 1426 671 1452 sub
684 1435 715 1452 eo
732 1424 938 1453 vt'incolereiur
952 1429 1051 1455 Attica.
1067 1429 1124 1455 ibid.

199 1457 382 1489 Cecryphalea.
399 1460 419 1486 1,
437 1465 493 1490 105.
512 1467 537 1484 et
555 1461 628 1486 Schol.

199 1489 330 1515 Cenaeum
347 1493 465 1517 Euboeae
482 1501 565 1525 prom.
586 1495 633 1524 111,
649 1502 692 1527 93.
729 1495 796 1519 Vide
813 1496 927 1520 Palmerii·
950 1496 1044 1521 Graec.
1064 1497 1148 1528 antiq.

200 1529 341 1596 celii-cliiiii.
363 1560 410 1597 IV..
426 1567 468 1591 42.
482 1567 508 1585 et
523 1568 566 1592 44.
587 1561 744 1586 Cenchreae.
762 1562 835 1590 VIII,
851 1569 889 1588 10.
906 1569 932 1587 et
948 1571 989 1588 20.

200 1591 361 1623 Centuripa,
387 1593 532 1618 Siculorum
548 1603 590 1626 op.
615 1596 661 1623 Vl,
678 1603 711 1629 94
757 1595 823 1619 Vide
840 1597 941 1620 Clumri'r·
954 1596 1026 1622 sicil.
1048 1604 1074 1628 p.
1089 1600 1149 1627 308.

235 1625 390 1656 Centotipes
408 1626 515 1651 incolae.
532 1629 594 1656 VII,
610 1636 649 1659 32-

200 1657 378 1689 Cephallenia.
396 1661 467 1684 Schol.
478 1662 508 1685 ad
525 1662 544 1690 I,
558 1668 599 1692 27.
628 1659 695 1685 Vide
705 1662 875 1686 Palmerii'Gr.
890 1664 972 1695 antiq.
992 1672 1017 1694 p.
1029 1668 1086 1696 5¹9·
1097 1671 1147 1688 etc.

234 1693 280 1716 vbi
304 1692 356 1749 lital.
379 1694 412 1722 II,
436 1701 479 1725 30.
503 1703 568 1727 quot
590 1696 668 1720 thes
692 1696 794 1722 habeat.
817 1697 872 1720 ibid.
896 1698 927 1721 ab
947 1697 1150 1722 Atheniensibus

234 1733 318 1756 capta.
336 1728 392 1751 vid.

202 1758 360 1796 Ceramicus.
378 1761 424 1789 VI,
441 1767 482 1792 57.
501 1762 573 1786 sthol.
590 1763 619 1787 ad
635 1763 668 1792 ll,
686 1770 728 1796 34.
762 1763 829 1788 Vide
845 1762 944 1795 Memfi
960 1764 1131 1790 ceramicum.

202 1792 312 1816 Cercine
328 1801 418 1822 mons,
437 1797 491 1820 vbi.
515 1796 548 1823 II,
565 1801 609 1828 98.

203 1825 362 1858 Cerdylium.
389 1829 423 1856 V,
442 1828 464 1854 6.
480 1837 506 1853 et
525 1835 565 1854 10.

202 1859 322 1890 Ceryces.
342 1861 415 1889 VIII,
434 1869 474 1894 53.

203 1892 327 1917 Cestrine.
352 1895 371 1922 I,
389 1894 431 1926 46.
444 1923 449 1925 ῃ
468 1896 534 1920 Vide
553 1897 665 1920 Palmarii
682 1898 730 1921 Gr.
746 1898 829 1929 antiq.
847 1906 871 1929 p.
888 1904 945 1928 273.
962 1905 1015 1926 etc,

203 1926 329 1951 Chaereas
346 1929 502 1953 Archesttati
521 1930 555 1953 fil.
571 1931 643 1958 VIII,
657 1937 700 1963 74.
718 1939 757 1954 res
773 1932 803 1954 ab
820 1940 849 1954 eo
862 1932 953 1962 gestae.
973 1940 996 1955 c.
1009 1939 1052 1963 74.
1068 1938 1094 1955 et
1111 1931 1151 1960 36.

203 1959 363 1987 Chaeronea,
381 1962 501 1986 Boeotiae
517 1964 580 1987 vrbs
611 1964 630 1992 I,
649 1972 704 1994 113.
726 1965 771 1992 lv,
785 1966 827 1994 76.
863 1965 930 1988 Vide
947 1966 1027 1989 stmb.
1050 1966 1067 1990 I.
1081 1973 1103 1998 9.
1125 1972 1151 1989 et

237 1993 381 2025 Paufiiniam
400 1996 425 2018 in
443 1996 570 2020 Phocicis.
590 1998 620 2020 ab
638 1998 733 2021 Athen.
751 2005 833 2028 capta.
854 1999 874 2026 1,
891 2004 946 2029 113.

204 2025 308 2052 Chalce.
329 2029 400 2056 VIII,
419 2036 461 2061 4¹·
477 2037 518 2062 44.
535 2038 561 2054 et
577 2037 617 2062 55.
653 2031 720 2054 Vide
739 2031 813 2054 Sti-ah
840 2032 856 2054 l.
876 2039 915 2056 io.
1042 2059 1045 2061 ,

203 2059 349 2119 aazia?
368 2063 469 2118 czlonia
487 2063 688 2094 Megarensium,
708 2064 734 2088 in
750 2064 827 2088 Ponti
843 2065 962 2089 faucibus
978 2065 1032 2090 fita.
1048 2065 1095 2094 IV,
1107 2071 1151 2099 75.

263 2103 271 2117 ι
291 2102 303 2118 e
339 2102 380 2119 tra
422 2097 439 2119 l.
459 2103 497 2121 12.

203 2125 358 2151 Chalcideus
374 2129 450 2154 clanis
460 2131 606 2154 μηεεὼειῃ.
618 2131 769 2162 praefee'tus.
784 2132 857 2159 VIII,
876 2136 899 2160 8.
916 2140 956 2156 res
970 2133 1001 2157 ab
1015 2140 1045 2156 eo
1060 2132 1150 2165 gestae.

236 2168 251 2183 τι
268 2170 290 2184 c.
310 2169 349 2186 ii.
363 2165 395 2186 ad
408 2172 430 2186 c.
449 2171 478 2193 ²3
509 2164 540 2187 ab
555 2165 651 2188 Athen.
673 2165 769 2189 caesus.
788 2165 860 2193 VIII,
877 2173 918 2197 24·

204 2192 372 2219 Chalcioecae
386 2197 520 2221 Mineruae
537 2198 669 2228 templum.
695 2199 716 2225 I,
734 2206 790 2230 134·

204 2226 317 2256 Chalcis,
336 2229 534 2254 Corinthiorum
550 2231 622 2254 vrbs.
643 2232 661 2259 I,
682 2237 736 2260 108.
771 2233 839 2256 Vide
849 2233 937 2256 Herod.
954 2234 962 2256 l
983 2239 1006 2263 7.
1026 2240 1050 2256 et
1068 2232 1149 2258 strab.

236 2261 255 2284 l.
272 2268 303 2286 10
329 2262 359 2286 ab
371 2264 466 2289 Athen.
483 2264 634 2294 capta-ibid.
652 2264 755 2288 Chalcis
767 2266 894 2290 Euboeae.
912 2266 972 2294 VII,
985 2274 1023 2298 29.
1046 2267 1149 2290 Chalcis

235 2301 328 2318 nomen
347 2302 402 2319 etat
418 2297 498 2320 variis
516 2298 632 2321 vrbibus.
653 2298 726 2322 Schol.
743 2299 773 2322 ad
790 2300 810 2326 l,
830 2304 886 2327 108.
905 2307 971 2323 extr.
993 2300 1149 2323 Chalciden-

236 2327 273 2352 ses
293 2328 318 2351 in
337 2329 446 2354 Euboea.
467 2331 539 2353 schol.
557 2331 587 2354 sd
607 2332 626 2358 I.
646 2336 684 2360 57.
711 2340 769 2356 cuni
787 2333 974 2356 Eretriensibus
992 2334 1086 2356 bellum
1103 2340 1145 2363 ge-

236 2369 298 2385 runt
326 2363 346 2390 I,
370 2369 409 2392 ις.
432 2363 634 2387 Atheniensibus
654 2365 749 2389 subditi
787 2367 833 2394 VI,
850 2366 882 2396 76
917 2366 1097 2390 Chalcidenses
1120 2367 1145 2389 in

236 2395 355 2432 'Itht-iiia¹
385 2397 456 2420 Schol.
478 2397 508 2421 ad
533 2397 551 2425 I,
567 2403 609 2428 57.
634 2398 663 2421 ab
686 2399 887 2423 Atheniensibus
910 2399 1044 2423 deficiunt.
1069 2401 1088 2426 I,
1107 2403 1147 2430 58.

233 2436 347 2485 {incunt
368 2430 550 2454 Athenienses.
581 2431 615 2459 II,
636 2437 677 2463 79.
708 2440 767 2456 cum
789 2433 896 2464 Argiuis
926 2433 1016 2456 foedus
1044 2433 1146 2457 ineunt.

259 2478 267 2490 ³
283 2469 325 2492 3¹-

202 2494 319 2519 Chaones
338 2496 448 2520 barbari.
465 2497 499 2524 II,
515 2496 556 2523 68.
578 2498 648 2527 quali
664 2505 772 2521 vtantur
790 2499 907 2530 imperio.
927 2501 960 2528 II,
977 2505 1015 2528 80.
1038 2500 1145 2523 bellico-

237 2528 315 2552 siiiiini
332 2534 370 2558 81.
394 2530 425 2553 ad
441 2532 556 2553 stratum
570 2531 665 2554 cladem
683 2532 825 2562 accipiunt.
841 2533 891 2556 ibid

202 2561 356 2590 Charadrus,
376 2564 446 2586 lotus
463 2563 529 2594 apud
540 2564 662 2594 Argiuos,
684 2565 729 2588 vbi
744 2565 774 2588 de
789 2565 868 2590 causis
877 2567 1035 2592 militaribus
1050 2574 1144 2599 cogno-

234 2595 307 2619 scunt
338 2597 371 2624 V,
386 2597 427 2620 60.

199 2628 330 2654 Charicles
344 2629 498 2661 Apollodori
514 2629 592 2655 filius.
612 2630 671 2660 VII,
686 2638 728 2657 20.
743 2638 770 2656 et
786 2633 829 2658 26.

1195 220 1352 245 Charminus
1369 219 1567 245 Atheniensium
1584 219 1647 245 dux.
1665 219 1740 248 VIII,
1757 225 1800 251 30.
1824 219 1920 245 cladem
1936 227 1950 245 a
1965 218 2057 253 Peiop.
2073 221 2144 248 aeci.

1230 255 1278 285 pit.
1295 263 1317 278 c.
1335 261 1378 286 42.
1394 254 1566 285 olig‘archicos
1584 254 1611 277 in
1626 254 1700 278 Samo
1716 254 1831 277 adiuuat.
1851 262 1874 277 c.
1889 260 1931 287 73.
2080 282 2084 285 Χ

1196 288 1357 312 Charoeades
1375 288 1507 319 Euphileti
1524 287 1559 311 fil.
1573 287 1624 314 111,
1642 287 1683 315 86.
1704 286 1791 310 caesus
1806 295 1819 310 a
1833 287 2009 318 Syracusani&
2027 295 2049 312 c.
2067 294 2112 320 9ο.

1195 322 1350 353 Charybdis.
1369 322 1415 348 IV,
1433 328 1473 354 24.
1510 321 1577 344 Vide
1593 321 1694 344 Cluuerii
1708 321 1777 345 Sicil.
1796 328 1821 351 p.
1836 320 1878 345 62.
1893 327 1944 344 etc.

1196 354 1372 378 Cherronesus
1391 354 1529 378 Thraciae.
1550 354 1570 382 1,
1588 360 1627 378 11.
1653 353 1830 384 Peloponnesi.
1851 354 1897 382 IV,
1911 359 1953 385 42.

1193 388 1355 412 Chimerium
1371 387 1563 419 Thesprot’idis.
1585 387 1608 416 l,
1625 394 1669 418 3ο.
1685 395 1711 412 et
1727 389 1770 420 46.
1806 387 1874 412 Vide
1896 387 2010 412 Palmert't'
2033 386 2082 414 Gr.
2097 394 2145 413 an-

1228 422 1276 453 tiq.
1292 429 1319 452 p.
1336 426 1390 453 279.
1410 428 1462 444 etc.

1193 454 1303 479 Chionis
1321 454 1411 479 Laced.
1429 454 1463 482 V,
1476 460 1519 486 24.

1193 488 1275 512 Chius
1291 487 1430 511 obsidetur.
1449 488 1574 518 vnn-38.
1592 488 1706 512 abundat
1723 487 1812 512 seruis.
1830 488 1904 516 VIII,
1915 493 1959 520 40.
1978 487 2038 512 Chii
2055 487 2085 512 de
2101 495 2143 513 re-

1226 522 1338 546 bellione
1354 521 1476 552 ffispefti,
1500 529 1598 545 nouum
1613 529 1715 545 murum
1731 521 1929 545 Atheniensium
1947 521 2009 545 iuffu
2033 522 2145 552 demoli—

1227 563 1320 579 vntut.
1339 555 1385 582 iv,
1399 561 1428 585 ς1
1456 555 1486 578 ab
1501 555 1650 579 Atheniens
1670 555 1801 579 deficiunt.
1820 555 1892 583 VIII,
1913 562 1952 588 ¹4·
1969 555 2068 586 proelio
2084 556 2145 580 vin-

1228 596 1343 616 cuntur,
1361 588 1496 619 variisque
1510 588 1625 612 cladibus
1643 589 1673 612 ab
1688 588 1784 614 Athen.
1800 587 1959 613 afficiuntur.
1977 596 2000 612 c.
2018 596 2059 619 24.
2074 596 2146 618 vsque

1227 625 1261 646 ad
1278 630 1302 646 c.
1319 629 1358 654 39.
1383 621 1545 645 Graecorum
1568 621 1760 653 opulentissimi.
1779 621 1850 649 VIII,
1870 628 1910 653 24.
1928 629 1954 645 et
1966 628 2009 654 45.
2028 623 2091 646 vrbs
2114 622 2144 646 ab

1228 656 1326 680 Athen.
1343 655 1546 679 circumuallata.
1563 664 1585 679 c.
1605 662 1646 687 ςς.
1676 655 1833 686 Astyochum
1849 662 1894 678 cut
1911 655 1938 678 in
1955 655 2144 689 vrbemstrces-
2186 670 2191 673 .

1229 688 1344 713 fiuerint.
1360 697 1384 712 c.
1401 695 1442 719 24.
1459 689 1489 713 ab
1506 688 1635 720 Astyocho
1652 689 1778 713 auxilium
1791 695 1894 720 petunt.
1914 696 1938 712 c.
1950 694 1996 721 40.
2092 692 2095 693 ⁷

1195 722 1342 747 Choerades
1360 721 1465 746 insulae.
1490 723 1550 750 VII,
1565 729 1608 753 33.
1939 733 1944 735 ⁷

1195 757 1326 780 Chromon
1344 755 1490 779 Messenius.
1517 756 1563 784 Ill,
1583 759 1622 788 98.

1194 788 1298 821 Chrysis
1314 789 1422 812 lunonis
1442 789 1558 813 sacerdos
1573 789 1661 821 Argis.
1681 789 1715 817 II,
1732 794 1755 813 2.
1781 787 1837 812 eius
1857 787 2032 819 imprudentia
2047 787 2142 815 confla-

1226 830 1282 855 grat
1302 823 1409 846 Iunonis
1426 823 1559 854 templum.
1578 823 1625 850 IV,
1644 829 1689 853 133
1720 822 1866 846 Phliuntem
1881 822 2008 854 confugit.
2026 821 2086 847 ibid.

1193 857 1300 882 Cicadas
1317 863 1406 880 aureas
1423 857 1486 880 olim
1502 856 1633 887 gestarunt
1650 856 1830 880 Athenienses.
1849 856 1871 883 I,
1888 857 1914 881 6.

1193 891 1291 915 Cilices
1308 898 1391 921 pugna
1407 889 1518 921 superati
1533 890 1563 913 ab
1577 888 1788 914 Atheniensibus.
1806 888 1827 917 Γ,
1845 894 1902 914 112.

1193 925 1313 949 Cimmon
1332 923 1374 946 vel
1392 923 1484 946 Cimon
1503 930 1575 954 pater
1591 923 1798 946 Lacedaemonii.
1815 923 1836 950 I,
1852 929 1893 956 45.
1913 922 2006 947 Cimon
2017 922 2143 949 Miltiadis

1225 958 1294 983 filius
1310 956 1418 979 Eionem
1434 958 1513 987 capit.
1529 965 1551 980 c.
1568 960 1598 989 98
1630 956 1716 980 Persas
1732 956 1761 979 ad
1775 957 1880 991 Eurym.
1896 956 1922 980 ii.
1938 956 2035 981 vincit.
2050 965 2074 981 c.
2086 962 2141 982 100.

1226 992 1253 1015 in
1271 989 1368 1022 Cypria
1382 991 1549 1021 expeditione
1561 991 1682 1014 moritur.
1699 998 1721 1013 c.
1741 995 1798 1014 112.
1817 997 1843 1013 et
1859 990 1933 1014 Schol.

1192 1025 1347 1049 Cithaeron.
1367 1023 1400 1051 II,
1416 1029 1459 1055 75.
1480 1024 1526 1051 III,
1547 1030 1586 1055 ²4·
1622 1023 1688 1047 Vide
1704 1023 1792 1047 Hcrod.
1807 1023 1824 1046 1.
1839 1031 1864 1056 9.
1885 1023 1968 1047 strab.
1983 1024 2000 1049 I.
2015 1031 2040 1056 9.

1194 1059 1294 1083 Citium
1310 1057 1392 1114 Cypri
1405 1057 1479 1080 vrbs.
1496 1057 1515 1084 l,
1534 1064 1590 1082 riz-
1605 1063 1631 1080 et
1649 1056 1723 1080 schol.
1757 1056 1825 1081 Vide
1841 1056 1941 1087 Memfii
1956 1058 2083 1091 Cyprum.
2098 1057 2144 1082 ob·

1226 1091 1331 1115 fidetur.
1345 1092 1353 1114 i
1369 1091 1401 1114 id.
1638 1103 1643 1104 ν
1913 1108 1915 1110 .

1195 1125 1287 1149 Clades
1305 1132 1429 1156 quaenam
1445 1124 1560 1148 omnium
1577 1123 1687 1147 maxima
1701 1123 1732 1146 -in
1751 1122 1818 1146 bello
1836 1123 1923 1154 Pelop.
1938 1124 1984 1152 111,
2003 1132 2060 1154 113.
2077 1125 2142 1155 Cla-

1226 1159 1271 1182 des
1288 1156 1485 1182 Atheniensium
1506 1157 1531 1180 iri
1549 1157 1646 1181 Sicilia.
1683 1157 1749 1181 Vide
1765 1157 1917 1188 Athenienses
1940 1164 1966 1181 et
1989 1157 2142 1189 Syrticufime'.

1193 1193 1285 1217 Clarus
1303 1191 1395 1216 insula.
1414 1191 1461 1218 III,
1477 1198 1518 1221 33.

1193 1225 1278 1251 Claffis
1296 1232 1421 1256 quaenam
1437 1222 1616 1255 antiquiffiina.
1641 1224 1662 1252 I,
1680 1231 1704 1256 4.
1728 1231 1855 1254 quaenam
1876 1223 1939 1247 olim
1958 1224 2075 1248 omnium
2094 1232 2143 1256 po-

1226 1259 1361 1283 tentillima
1393 1266 1416 1281 c.
1436 1264 1466 1291 14
1499 1258 1661 1282 Graecorum
1681 1258 1764 1281 classes
1787 1257 1884 1288 quales.
1908 1266 1932 1281 c.
1948 1265 1986 1289 ις.
2006 1257 2090 1282 Classis
2110 1258 2142 1283 ad

1225 1292 1336 1317 Troiam
1359 1292 1470 1323 profesta
1494 1299 1590 1322 quanta
1614 1298 1640 1315 et
1660 1291 1753 1322 qualis.
1777 1299 1799 1314 c.
1816 1296 1855 1316 10.
1882 1290 1966 1319 Clanis
1984 1292 2010 1315 in
2027 1292 2143 1316 Siciliam·

1226 1325 1308 1350 miffae
1324 1332 1461 1357 apparatus
1478 1332 1530 1348 erc.
1549 1325 1595 1352 Vl,
1612 1331 1645 1354 30
1671 1331 1723 1348 etc.

1192 1361 1369 1386 Clazomenae,
1393 1359 1465 1386 VIII,
1485 1365 1524 1390 ¹4·
1561 1358 1628 1382 Vide
1648 1358 1735 1382 Herod.
1755 1357 1772 1381 i.
1795 1365 1815 1382 1.
1832 1358 1922 1382 Strab.
1947 1358 1964 1383 1.
1982 1365 2022 1388 13,
2047 1365 2084 1391 ¹4·
2109 1358 2142 1382 ab

1225 1394 1322 1417 Athen.
1337 1392 1466 1417 deficiunt.
1483 1392 1537 1415 ibid.
1555 1391 1703 1416 Polichnam
1719 1391 1852 1416 muniunt.
1864 1392 1921 1418 ibid.
1943 1392 1970 1416 in
1985 1392 2083 1417 Athen.
2099 1391 2141 1416 di·-

1226 1428 1325 1451 tionem
1340 1425 1495 1450 concedunt.
1514 1433 1536 1449 c.
1552 1431 1591 1456 ας.

1193 1462 1358 1486 Cleaenetiis.
1378 1459 1437 1483 Vid.
1455 1459 1548 1483 Cleon.

1193 1494 1369 1521 CleandridaS,
1387 1500 1459 1524 parer
1478 1492 1599 1525 Gylippi.
1617 1493 1664 1520 VI,
1680 1499 1722 1524 93.

1192 1527 1343 1556 Clearchus,
1360 1527 1515 1557 Rhampliiae
1530 1526 1609 1550 filius.
1626 1526 1699 1553 VIII,
1714 1530 1727 1554 8
1752 1533 1778 1550 et
1794 1534 1835 1559 39.
2098 1530 2101 1532 “

1192 1561 1334 1588 Clearides,
1351 1560 1488 1593 Cleonyini
1507 1560 1585 1588 filius,
1603 1560 1752 1591 Arnpliipol.
1768 1560 1916 1593 praesidius.
1932 1560 1980 1589 IV,
1996 1566 2054 1591 132.
2072 1560 2106 1588 V,
2116 1561 2141 1588 6.

1226 1601 1252 1617 et
1270 1597 1291 1621 8.
1312 1595 1434 1617 Cleonem
1451 1601 1509 1618 cum
1525 1593 1623 1618 Brasida
1638 1594 1732 1618 vincit.
1752 1594 1786 1622 V,
1805 1601 1845 1620 ιο.
1861 1601 1913 1619 etc.
1930 1602 2021 1626 pacem
2036 1595 2142 1620 turbare

1226 1635 1342 1651 conatur.
1364 1636 1376 1650 C
1404 1634 1443 1652 21-

1193 1661 1342 1692 Cleippides
1358 1661 1452 1685 Diniae
1467 1659 1503 1684 fil.
1522 1661 1570 1688 III,
1587 1666 1611 1690 3.

1194 1695 1335 1720 Cleobulus
1350 1695 1461 1726 ephorus
1477 1694 1625 1718 Lacedaem-
1645 1693 1680 1722 V,
1693 1693 1734 1724 36.
1747 1700 1779 1725 37
1804 1696 1851 1724 38.

1195 1730 1378 1754 Cleombrotus
1394 1736 1466 1759 pater
1481 1727 1619 1752 Pausaniae
1644 1727 1665 1755 1,
1683 1734 1725 1760 94.
1742 1735 1768 1752 et
1782 1726 1947 1752 Nicomedis.
1965 1735 1989 1752 c.
2006 1733 2066 1759 107.

1194 1762 1345 1787 cleomedes
1360 1761 1511 1785 Nicomedis
1528 1761 1563 1784 fil.
1585 1761 1619 1789 V,
1635 1766 1677 1792 34.

1194 1797 1346 1820 Cleomenes
1365 1795 1456 1819 Laied.
1472 1796 1494 1825 I,
1512 1793 1558 1819 126
1586 1803 1631 1825 >rex
1647 1794 1739 1818 Laced.
1759 1793 1829 1819 Schol.
1851 1794 1912 1818 ibid.
1934 1793 2072 1818 Pausaniae
2093 1801 2140 1826 1³1·-

1228 1836 1311 1852 truus.
1325 1829 1371 1856 III,
1388 1831 1427 1854 26.
1446 1828 1553 1852 alterius
1570 1827 1707 1852 Pausaniae
1721 1827 1756 1852 fii.
1774 1828 1847 1852 Scbol.
1863 1827 1928 1851 ibid.

1194 1863 1275 1887 Cleon
1293 1862 1425 1885 Cleaeneti
1440 1862 1476 1886 fil.
1493 1861 1539 1889 III,
1558 1862 1599 1891 36.
1619 1861 1674 1884 eius
1693 1861 1841 1892 ingenium,
1862 1868 1945 1884 mores
1961 1867 1987 1884 et
2007 1861 2140 1887 facundia·

1225 1896 1281 1920 ibid.
1299 1903 1324 1918 et
1345 1896 1390 1923 IV,
1407 1902 1448 1919 21.
1463 1902 1489 1919 et
1505 1901 1547 1919 22.
1568 1894 1714 1918 orationem
1735 1895 1820 1920 habet.
1843 1895 1889 1922 llI,
1906 1901 1947 1924 37.
1967 1894 2059 1929 Pylum
2080 1903 2139 1927 cum

1227 1929 1343 1953 exercitu
1365 1929 1482 1953 mittitur
1515 1928 1560 1956 IV,
1578 1932 1619 1956 28.
1639 1935 1680 1951 res
1696 1928 1726 1951 ab
1742 1935 1772 1951 eo
1792 1928 1882 1959 gestae.
1904 1937 1925 1951 c.
1941 1935 1989 1958 30:
2001 1936 2050 1952 etc.
2070 1935 2141 1958 vsque

1225 1965 1259 1987 ad
1272 1969 1294 1985 c.
1310 1970 1351 1994 4¹—
1370 1963 1426 1986 eius
1442 1961 1598 1993 arrogantia.
1616 1969 1638 1984 c.
1657 1968 1697 1993 27.
1711 1969 1761 1985 etc.
1778 1962 1811 1989 V,
1829 1968 1854 1991 7.
1877 1961 1902 1984 in
1921 1961 2060 1986 Ilii-eciam
2075 1970 2138 1986 con·
2179 1978 2181 1980 -
2206 1984 2211 1986 .

1227 2004 1266 2020 tra
1283 1995 1407 2020 Brasidam
1427 1996 1514 2027 copias
1535 1995 1616 2019 ducit.
1633 1994 1666 2023 V,
1684 2001 1707 2020 2.
1720 2002 1769 2018 etc.
1791 1995 1916 2018 Toronen
1937 1996 2015 2026 capit.
2033 2003 2055 2019 c.
2070 2003 2083 2025 3
2113 2003 2140 2020 et

1229 2029 1379 2060 Galepsum.
1393 2038 1413 2054 c.
1429 2030 1453 2054 6.
1470 2029 1500 2052 ad
1515 2029 1638 2060 Amphip.
1653 2037 1666 2052 a
1683 2028 1780 2052 Brasida
1796 2029 1890 2053 viQuS.
1906 2036 1930 2053 c.
1948 2034 1988 2053 ιο.
2003 2037 2016 2053 a
2029 2029 2141 2061 quodam

1227 2063 1361 2098 Myrcinio
1379 2063 1503 2087 caeditur.
1521 2063 1577 2085 ibid.
2065 2072 2079 2077 --

1194 2098 1325 2125 Cleonae,
1348 2097 1410 2121 urbs
1430 2097 1460 2121 ad
1477 2096 1572 2119 Athon,
1596 2095 1641 2123 IV,
1661 2101 1718 2127 109.
1754 2095 1820 2118 Vide
1837 2095 1924 2119 Herod.
1946 2095 1962 2119 l.
1978 2102 1992 2125 7
2027 2096 2140 2121 Cleonae

1228 2131 1254 2154 iii
1270 2131 1367 2161 Argiua
1383 2131 1486 2162 regione
1515 2129 1562 2157 VI,
1578 2135 1621 2160 95.
1656 2129 1724 2153 Vide
1741 2129 1823 2154 Strnh.
1841 2129 1857 2153 l.
1873 2133 1898 2158 8.
1913 2136 1940 2153 et
1954 2130 2008 2154 Pan
2020 2130 2097 2154 aniam
2111 2130 2138 2154 in
2152 2128 2155 2130 ’

1228 2164 1414 2188 Corinthiacis.

1193 2199 1352 2232 Cleonymus
1369 2205 1440 2228 pater
1456 2195 1600 2220 Clearidae.
1617 2195 1664 2220 IV.
1682 2201 1739 2225 132.

1194 2233 1368 2262 Cleopompus
1383 2231 1484 2254 Cliniae
1500 2229 1587 2260 iis-11,
1605 2228 1648 2253 26.
1665 2236 1691 2253 et
1706 2233 1746 2260 58.

1193 2265 1298 2290 Clinias.
1318 2265 1375 2289 ibid.

1192 2299 1302 2332 Clypei;
1323 2299 1348 2322 iri
1366 2298 1478 2330 Clypeos
1494 2295 1592 2327 captiui
1610 2295 1772 2326 deponebant
1789 2294 1941 2327 pecuniam,
1962 2303 2038 2328 quam
2053 2294 2138 2322 secum

1224 2333 1351 2356 habebant
1379 2332 1437 2358 Vll,
1454 2336 1495 2359 82.
1516 2331 1675 2363 Ciypeorum
1691 2330 1826 2353 vmbones.
1863 2328 1929 2352 Vide
1946 2329 2034 2353 Cares.
2126 2352 2130 2355 ,

1191 2366 1303 2389 Cnemus
1320 2366 1470 2400 Spartanus,
1496 2364 1573 2387 claffis
1590 2362 1616 2385 in
1627 2364 1789 2397 Zacynthum
1803 2362 1887 2386 miffae
1900 2362 1980 2393 praef.
1998 2363 2030 2390 II,
2049 2363 2080 2388 66
2109 2363 2136 2388 in

1224 2399 1396 2423 Acarnaniam
1413 2409 1424 2422 a
1442 2396 1535 2421 Laced.
1555 2396 1681 2421 mittitur.
1704 2405 1726 2423 c.
1741 2401 1784 2426 80.
1806 2402 1903 2427 pugnat
1919 2403 1978 2420 cum
1992 2397 2090 2421 Athen.
2105 2397 2136 2422 ad
2177 2406 2182 2408 ·
2207 2395 2210 2420 ζ

1222 2433 1345 2456 Stratum.
1363 2441 1375 2455 c
1401 2436 1443 2462 83.
1460 2438 1508 2454 etc.
2167 2432 2170 2433 ⁷

1189 2466 1299 2489 Cnidiis.
1318 2465 1390 2493 VIII,
1407 2473 1447 2496 35.
1466 2471 1493 2487 et
1507 2471 1550 2496 42.

1189 2499 1356 2530 Colloquium
1372 2498 1567 2522 Athenieniium
1585 2505 1611 2522 et
1624 2497 1765 2529 Melionrum
1796 2496 1830 2529 V,
1848 2500 1887 2526 85.
1903 2503 1953 2520 etc.
2138 2513 2141 2515 -
2195 2506 2207 2528 j

1188 2533 1300 2555 Colonae
1317 2532 1367 2562 agri
1386 2531 1505 2555 Troiani.
1523 2532 1542 2559 I,
1561 2537 1617 2561 ¹3¹-
1654 2531 1721 2554 Vide
1737 2529 1817 2554 strab.
1835 2529 1852 2552 I.
1870 2536 1909 2558 13.
2204 2541 2232 2561 ,2ss

1186 2566 1309 2588 Coloniae
1328 2565 1489 2588 deducendae
1506 2573 1560 2588 mos
1575 2564 1674 2595 priscus
1692 2564 1711 2591 I,
1732 2570 1768 2593 24.
1786 2570 1837 2586 etc.
1855 2562 1971 2587 coloniae
1988 2568 2015 2597 et
2033 2569 2131 2589 metro·
2199 2562 2227 2619 p

2190 2606 2223 2648 fr?

2201 2658 2222 2679 Ἦ...

1219 2599 1284 2629 polis
1301 2605 1389 2622 mutua
1405 2597 1487 2621 offitia
1505 2605 1638 2630 quaenam.
1655 2605 1675 2620 c.
1693 2602 1722 2628 25
1750 2601 1788 2626 38.
1806 2603 1856 2619 etc.

1185 2631 1318 2661 Gelonus,
1336 2632 1409 2656 locus
1424 2632 1510 2656 editus
1525 2639 1552 2656 in
1566 2638 1626 2663 agro
1642 2631 1743 2656 Attico.
1762 2630 1834 2659 VIII,
1851 2631 1895 2661 ⁶7·
2078 2627 2095 2638 ⁹
