2239 2818
471 53 509 83 H.
552 52 897 84 STEPHANI

28 143 129 174 gerum
150 135 179 165 in
195 135 257 166 aliis
273 135 377 172 etiam,
399 143 430 167 vt
446 146 474 176 p.
490 143 537 177 54.
554 135 608 166 col.
626 143 654 166 2.
667 135 800 175 πένητες
817 132 897 181 yde,
924 146 979 176 pro

11 177 159 216 πένητες
183 175 244 222 ’γοῖς
263 177 366 220 ἐσμέν·

36 253 40 256 .
64 229 145 258 Illius
167 237 265 258 autem
285 226 441 267 ellipseos,
462 236 536 266 quae
550 227 600 264 est,
626 227 673 257 vbi
689 226 773 262 dicit,
804 226 821 260 ὃ
841 228 977 267 μᾶλλον,

26 267 100 302 vel&
119 268 172 302 nx)
188 270 328 313 μῖλλον,
351 266 424 300 faeta
438 267 493 299 fuit
513 276 600 298 antea
621 270 748 299 mentio:
771 268 818 298 sed
838 269 963 298 adneien

25 311 95 342 dum
113 312 154 342 est
169 311 205 341 ad
220 312 266 343 illa
286 310 446 349 superiora,
469 311 594 340 inueniri
615 311 720 340 alicubi
736 319 766 340 et
781 310 870 346 haec,
892 308 908 343 ὃ
923 309 976 343 καὶ

25 354 148 395 μᾶλλον
168 348 254 389 εἰκός.
295 354 402 391 Neque
421 360 519 384 tamen
540 350 621 390 eiad,-
637 352 859 382 existimandum
881 352 923 382 est
945 352 974 383 id

27 393 87 424 esse
106 394 290 428 vocabulum,
318 394 397 432 quod
414 393 551 426 ἐλλείπει
567 393 633 424 huic
647 393 791 424 sermoni:
817 393 864 425 sed
879 395 974 434 potius

27 434 173 472 δεκτέον,
216 435 464 473 quemadmodum
496 435 538 473 ibi,
565 436 641 466 dixi:
685 435 853 475 praesertim
882 447 972 476 quum

26 477 114 508 etiam
129 474 183 509 καὶ
196 474 322 509 δεκτέον
337 478 431 510 τοῦτο
446 478 522 516 apud
539 488 606 506 eum
622 478 765 518 legamus.

67 525 186 565 Aliquid
210 534 241 556 et
263 525 302 556 de
324 526 432 566 ellipfi,
464 537 540 566 quae
557 527 599 557 est
621 528 651 557 in
673 526 719 557 vsu
743 528 819 558 illius
839 527 973 558 aduerbii

25 566 145 606 ἄλλως,
167 569 247 597 cuius
262 567 318 597 fuit
333 577 415 598 antea
430 568 502 598 fasta
519 570 639 604 mentio,
663 569 821 599 dicendum
838 569 888 599 est.
929 573 974 600 Ac

27 616 116 650 quum
136 611 191 639 iam
214 609 364 640 docuerim
376 633 383 646 ,
411 611 560 649 quomodo
579 613 679 641 Latino
697 611 830 642 sermone
849 609 973 650 suppleri

26 649 109 693 poffe
130 651 280 682 videretur
302 651 382 691 quod
410 652 479 682 huic
505 654 648 683 vocabulo
677 653 774 689 deest,
803 655 850 683 vel
876 653 973 692 potius

26 693 106 734 quod
118 703 184 723 cum
199 695 254 723 hoc
268 693 409 723 vocabulo
426 693 658 725 subaudiendum
668 696 858 734 relinquitur,
883 705 970 732 nunc,

25 735 97 775 quid
111 733 204 765 sermo
213 736 343 766 Graecus
357 735 439 774 possit
452 733 628 772 ὑπακούειν,
644 737 804 767 videndum
821 738 870 767 est.
905 738 973 766 For-

18 775 96 806 .tafl'e
113 777 201 817 igitur
218 777 344 817 perinde
360 778 418 813 est,
439 788 471 807 ac
490 778 508 807 sl
525 778 690 815 diceretur,
715 778 822 815 ἄλλως
838 778 973 822 ἐξηγοῦν-

25 829 82 851 ται
97 817 266 869 πνέῃ-,νεὶ
283 816 489 860 ἐξηγήσαντο,
512 821 574 854 vel,
597 818 700 857 ἄλλως
718 819 863 863 ἐδέξαντο
879 820 973 858 vves,

25 869 78 891 aut
92 862 179 890 etiam
195 872 326 898 ηκουσαν
341 871 423 898 tuam
445 861 547 891 horum
564 862 664 892 itidem
689 870 811 901 vti-oque
833 863 870 891 ita
887 863 925 892 vti
943 868 973 891 et

26 901 107 932 hunc
121 900 313 938 scholiastem,
339 902 369 932 in
386 903 632 942 praecedentibus
655 904 809 941 admonui)
827 902 909 936 οὕτω
930 903 974 941 δη-

25 940 135 976 λονότι.
178 945 244 974 Scio
266 952 379 979 antem,
408 949 482 977 νοεῖν
501 955 619 985 quoque
639 956 691 984 pro
711 945 860 986 intelhgere
876 953 923 982 (ea
942 946 974 974 in

27 983 248 1026 significatione,
263 996 318 1024 qua
334 985 437 1016 dicitur
452 986 505 1017 hac
521 988 559 1017 de
574 989 622 1025 re)
639 988 669 1017 in
686 985 733 1017 vsu
747 988 820 1018 effe:
845 987 973 1027 ideoque

28 1026 109 1068 poffit
124 1027 212 1058 etiam
228 1029 300 1063 dici,
323 1025 432 1066 ἄλλως
446 1031 544 1063 νοοῦσι
564 1029 664 1068 τινὲς,
694 1030 741 1060 vel
757 1026 889 1068 ἐνόησαν.

68 1087 301 1117 HAc’rssnvs
327 1086 366 1116 de
395 1088 480 1118 certis
507 1087 680 1128 quibusdam
709 1088 820 1124 verbis,
853 1087 903 1118 seu
931 1087 975 1117 lo-

29 1129 140 1168 quendi
156 1129 333 1169 generibus,
356 1139 431 1168 quae
446 1130 524 1170 apud
541 1130 619 1160 hunc
641 1129 818 1160 scholiastem
835 1129 972 1169 frequen-

29 1177 76 1200 ter
91 1179 261 1207 occurrunt,
284 1179 314 1200 et
329 1173 408 1200 velut
424 1180 510 1201 notae
525 1171 669 1211 quaedam
685 1170 750 1201 sunt
767 1171 921 1202 scholIcae:
944 1171 975 1200 id

31 1211 89 1246 est,
114 1210 231 1242 scholiis
251 1214 482 1250 conuenientes;
510 1214 550 1243 de
572 1223 692 1252 quarum
713 1211 761 1242 vsu
784 1214 833 1253 qui
855 1213 976 1243 edoCtus

29 1263 92 1283 non
107 1254 173 1290 erit,
197 1254 323 1294 haerere
339 1255 370 1285 in
386 1256 494 1293 multis,
517 1254 620 1295 quibus
637 1255 785 1287 adhibitae
800 1252 882 1292 sunt,
904 1255 975 1285 locis

29 1300 159 1335 cogetur.
248 1300 253 1301 ⁷

71 1346 157 1374 Nunc
175 1353 274 1379 autem
297 1346 352 1376 alia
368 1345 511 1386 quaedam
530 1346 564 1376 ad
582 1346 686 1376 horum
706 1347 866 1377 leffionem
888 1346 978 1385 perti-

8 1402 19 1426 Δ;
30 1388 132 1417 nentia
159 1387 231 1417 libet
254 1387 396 1425 adiicere,
426 1388 463 1417 de
483 1388 588 1427 quibus
610 1388 629 1418 si
652 1397 682 1418 te
703 1388 976 1424 commonefecero,

30 1429 176 1460 vriliorem
204 1428 256 1458 tibi
283 1429 362 1459 illam
389 1429 555 1460 reddidero.
606 1429 731 1460 Primum
753 1430 795 1459 est
817 1430 857 1460 de
881 1429 978 1459 verbis

31 1479 202 1506 contextus,
231 1480 305 1509 quae
327 1470 395 1501 inde
418 1479 558 1511 excerpta
583 1470 697 1502 scholiis
717 1470 824 1501 inserta
843 1471 988 1507 fuerunt,v

32 1523 68 1545 ea
82 1512 227 1548 videlicet,
247 1513 276 1541 in
297 1522 372 1551 quae
389 1513 537 1551 quidpiam
555 1512 596 1543 est
610 1521 797 1550 annotatum,
815 1514 845 1543 in
860 1514 893 1542 iis
909 1512 979 1543 inde

31 1554 90 1585 huc
103 1553 313 1584 transferendis
328 1555 433 1584 alicubi
449 1553 507 1584 effe
523 1563 685 1594 peccatum,
707 1555 798 1594 idque
810 1555 902 1585 tribus
917 1564 974 1585 mo-

33 1595 92 1627 dis:
118 1607 135 1626 a
156 1605 278 1636 quorum
294 1606 351 1626 vno
369 1597 398 1626 in
416 1596 534 1637 singulis
550 1597 600 1635 (de
619 1598 673 1627 illis
689 1597 802 1635 loquor,
824 1597 855 1626 in
874 1598 978 1635 quibus

32 1639 163 1679 peccauit
179 1638 322 1670 libutius.
339 1639 501 1668 cauendum
517 1637 556 1668 sit.
602 1639 674 1667 Nam
689 1639 735 1668 vel
749 1648 801 1678 pro
822 1639 855 1669 iis
871 1638 977 1674 verbis,

28 1680 70 1718 ⁴ad
90 1688 164 1719 quae
186 1679 434 1719 ipsumscholium
450 1681 593 1720 pertinet,
616 1678 716 1716 idest,
740 1680 777 1710 ad
792 1691 918 1720 quorum
931 1690 977 1710 ex-

13 1722 16 1723 ’
33 1722 207 1762 positionem
223 1721 359 1761 scriptum
381 1721 438 1757 est,
461 1723 514 1752 alia
535 1723 656 1752 omnino
675 1732 692 1751 a
706 1721 826 1753 librario
843 1723 980 1753 translata

35 1764 106 1794 inde
127 1764 262 1794 suerunt:
292 1764 339 1794 vel
365 1773 478 1803 partem
507 1774 628 1800 eorum,
658 1763 719 1794 siue
738 1764 856 1803 aliquod
879 1763 977 1794 saltem

36 1805 144 1836 omisit:
167 1814 215 1836 aut
231 1813 345 1841 contra,
369 1816 442 1845 quae
458 1807 545 1845 plane
561 1803 771 1844 superuacanea
785 1805 866 1841 sunt,
888 1816 979 1844 quum

36 1847 300 1886 ad‘eorum'vsque
321 1847 532 1887 expositionem
552 1845 689 1877 scholium
711 1858 772 1879 non
794 1849 980 1882 extendatur,

38 1887 150 1918 adiecit.
183 1888 238 1925 ‚Ad
254 1890 380 1928 primum
394 1890 465 1923 illud
482 1898 632 1928 peccatum
646 1890 724 1929 quod
741 1891 861 1926 attinet,
883 1899 981 1919 exem-

37 1932 86 1971 pla
106 1931 319 1969 propemodum
332 1932 487 1962 innumera
499 1933 651 1969 inueniet,
681 1933 729 1971 qui
745 1932 892 1962 editiones
913 1933 979 1961 alio-

32 1982 121 2006 sum,
144 1981 219 2010 quae
234 1981 331 2002 meam
347 1973 578 2011 praecesserunt,
603 1984 669 2004 cum
685 1984 720 2004 ea
740 1974 892 2010 conferet,
917 1983 983 2003 nam

31 2015 85 2052 (vt
106 2014 174 2042 aiibi
196 2013 272 2051 dixi)
293 2015 322 2043 in
344 2015 399 2044 illis
421 2016 602 2045 editionibus
625 2015 723 2055 passim
744 2015 810 2047 fere
833 2026 867 2046 ea
887 2023 983 2046 textus

31 2055 126 2088 :verba
136 2079 143 2092 ‚
166 2065 241 2094 quae
256 2055 341 2085 alicui
355 2054 458 2087 scholio
473 2057 598 2096 praefixa
613 2056 675 2088 sunt
690 2066 827 2097 tanquam
842 2068 878 2087 eo
894 2067 983 2096 expo-

32 2096 106 2132 ·fita,
129 2097 164 2126 ab
180 2107 217 2126 eo
235 2095 298 2126 sunt
317 2095 430 2136 prorsus
451 2100 556 2129 aliena:
582 2109 645 2137 aut,
674 2099 693 2129 fi
710 2104 819 2135 mauis,
846 2098 984 2129 scholium

42 2138 78 2170 ab
93 2139 149 2168 illis
165 2140 288 2168 omnino
303 2138 345 2168 est
358 2139 502 2171 alienum:
523 2150 553 2171 et
569 2141 716 2171 interdum
732 2152 769 2171 ex
785 2143 843 2171 alio
858 2142 908 2181 qui
923 2143 985 2171 lon-

34 2181 153 2222 :gislimo
168 2180 202 2210 ab
221 2181 275 2210 islis
292 2190 423 2211 remotus
437 2183 477 2212 est
493 2183 647 2213 interuallo
659 2185 760 2222 (atque
774 2183 860 2218 adeo,
878 2193 915 2213 ex
931 2183 986 2212 alio

42 2222 183 2263 quaedam
203 2223 302 2261 libio).
327 2223 536 2263 immigrarunt-
579 2227 684 2263 Neque
699 2234 796 2255 tamen
818 2226 897 2263 prior
921 2234 987 2254 mea

43 2265 134 2295 editio
150 2265 223 2294 nihil
247 2265 299 2294 hac
319 2264 347 2293 in
370 2274 454 2303 parte
471 2266 691 2296 emendandum
706 2267 773 2296 huic
795 2267 929 2306 reliquit:
953 2275 987 2295 ac

36 2307 84 2336 ssne
99 2306 134 2335 ab
150 2307 203 2337 hac
224 2305 343 2346 quidem
360 2306 432 2336 nihil
453 2308 523 2337 meis
540 2308 569 2336 in
588 2308 659 2338 haec
676 2307 780 2339 scholia
795 2309 988 2338 annotationi·

29 2347 101 2378 bus
123 2348 254 2378 reustum
273 2347 342 2378 fuit:
372 2348 450 2388 quod
474 2350 615 2378 nonnulla
636 2351 740 2388 partim
763 2360 824 2380 nnn
840 2349 902 2380 satis
925 2359 984 2380 cau-

36 2397 91 2420 ·tos
113 2390 227 2425 oculos,
261 2391 366 2429 partim
392 2391 607 2431 indagationem
632 2401 727 2421 meam
751 2390 987 2432 subterfugerint.

40 2431 150 2470 «Quum
171 2440 270 2461 autem
292 2433 320 2461 in
343 2432 386 2462 his
415 2433 665 2468 annotationibus,
695 2444 753 2462 non
780 2442 890 2463 tantum
914 2444 989 2473 quae

47 2471 104 2504 hoe
116 2473 221 2507 modo,
245 2472 290 2502 sed
313 2475 398 2504 etium
418 2485 493 2514 quae
515 2476 575 2504 alii-⁴.
592 2475 705 2504 duobus
724 2484 840 2514 peccata
857 2474 934 2509 sunt,
959 2483 989 2505 et

49 2514 234 2545 emendanda
254 2514 413 2556 supersunt,
441 2519 489 2548 vel
505 2517 620 2552 omnia,
644 2517 690 2547 vel
708 2526 813 2557 magna
833 2517 931 2548 saltem
952 2527 990 2547 ex

90 2563 183 2589 TOM.
201 2564 234 2589 ll.

952 53 1497 88 PROPARASCEVE.

1915 62 1976 98 481

1022 144 1121 176 parte,
1145 136 1323 173 emendem,
1350 147 1399 167 cur
1417 138 1515 176 potius
1539 138 1676 176 exempla
1697 147 1801 168 eorum
1822 138 1881 169 huc
1903 138 1973 170 affe.

1022 188 1099 215 ram,
1123 188 1209 218 quam
1227 179 1278 208 tibi
1296 178 1434 209 sumendi
1449 178 1519 210 inde
1534 179 1717 218 relinquam?

1063 219 1107 250 Ad
1132 221 1182 250 illa
1203 221 1293 259 igitur
1312 220 1409 259 potius
1432 221 1565 255 veniam,
1593 221 1632 250 de
1653 221 1757 260 quibus
1778 221 1831 251 tibi
1852 222 1967 252 monito

1021 261 1168 292 vtiliorem
1185 260 1290 291 horum
1307 262 1491 292 Scholiorum
1506 262 1664 293 lectionem
1680 261 1803 293 suturam
1822 262 1880 294 effe
1900 264 1968 294 dixi.

1019 305 1060 333 Ea
1075 302 1229 333 suntduo:
1255 313 1360 338 vnum,
1388 305 1544 344 plerasque
1560 305 1644 334 vnico
1663 304 1728 334 ioco
1747 304 1886 335 adhibit³s
1905 315 1969 339 uon

1018 343 1108 375 solum
1132 344 1328 384 expositiones
1353 345 1404 383 (ex
1427 346 1461 377 iis
1481 346 1577 383 etiam,
1599 355 1675 385 quae
1691 347 1812 376 minime
1832 347 1967 385 vulgares

1016 385 1105 426 sunt),
1122 385 1170 416 sed
1184 383 1365 428 σημειώσεις
1379 397 1505 426 quoque,
1528 387 1563 417 ad
1578 389 1648 418 alios
1664 389 1822 427 plerosque
1836 389 1923 423 socos,
1946 386 1968 418 fi

1017 438 1065 459 eas
1082 436 1197 458 attente
1215 430 1302 459 lefias
1325 429 1485 459 memoriae
1502 427 1702 465 mandaueris,
1725 428 1783 460 effe
1799 429 1851 458 tibi
1870 428 1968 468 profu-

1017 479 1104 500 turas.
1148 471 1284 501 Alterum
1306 469 1362 500 hoc
1381 470 1440 506 est,
1462 471 1552 500 multa
1568 470 1687 508 scholia,
1711 471 1771 500 siue
1791 473 1897 501 multas
1916 481 1968 500 an-

1016 512 1196 547 notationes,
1222 521 1282 541 non
1304 522 1339 541 ea
1356 520 1468 541 tantum
1485 512 1571 542 verba
1591 512 1790 552 Thucydidis,
1818 522 1896 551 quae
1910 513 1966 542 illis

1016 552 1144 593 praefixa
1160 552 1238 590 sunt,
1262 561 1312 582 aut
1328 563 1392 583 eam
1402 553 1556 593 periodum
1572 562 1620 582 aut
1637 555 1751 592 periodi
1767 563 1894 593 partem,
1918 563 1968 583 cu-

1015 597 1060 626 ius
1076 596 1189 626 initium
1205 596 1259 626 illis
1275 594 1407 634 praefixit
1429 595 1578 632 librarius,
1599 596 1651 624 nbi
1671 605 1838 634 exponere,
1862 594 1910 626 sed
1927 596 1967 625 vl-

1016 638 1105 667 tet-ius
1121 637 1277 678 progredi,
1299 646 1348 666 aut
1369 635 1488 667 insertas
1504 637 1600 667 obiter
1617 646 1647 667 et
1670 637 1808 677 quasdam
1829 638 1884 667 alio
1899 647 1966 677 per-

1016 681 1147 710 tinentes
1166 678 1365 718 expositiones
1383 678 1544 710 includere.

1058 723 1180 757 Earum,
1202 730 1273 759 quas
1288 721 1385 750 mustis
1403 719 1483 759 posse
1496 721 1567 751 locis
1581 719 1798 750 accommodari
1818 719 1892 756 dixi,
1914 730 1966 750 ex·

1015 762 1193 802 positionum
1210 762 1300 792 habes
1316 764 1486 801 exemplum
1501 763 1531 792 in
1548 772 1598 797 ea,
1620 772 1676 800 qua
1693 759 1786 802 δῆμον
1803 760 1965 799 significare

1015 803 1222 848 ὃημοκξατίκν
1244 803 1328 838 dicit,
1356 815 1383 843 p.
1403 805 1472 842 561.
1487 802 1580 845 δῆμον
1600 800 1661 847 ‘7⁰34’
1679 806 1728 836 νῦν
1744 801 1802 841 τὴν
1819 801 1965 846 §quenew-

1017 848 1088 879 τίαν
1107 846 1206 886 λέγει.
1249 846 1338 877 Multi
1353 846 1435 874 enim
1449 855 1498 875 aut
1513 847 1600 875 etiam
1616 845 1733 884 plurimi
1749 843 1812 874 sunt
1834 846 1881 874 alii
1896 845 1964 879 loci.

1016 889 1065 917 vbi
1079 886 1169 930 δῆμον
1186 887 1215 916 id
1231 886 1393 926 fignificate
1407 887 1588 926 comperies:
1607 896 1732 925 quorum
1748 896 1821 916 vnus
1837 886 1893 921 est,
1917 886 1965 925 vbi

1015 930 1122 960 dicitur
1143 928 1198 962 τὸν
1221 927 1310 969 δῆμον
1337 929 1510 962 κατέλυσε.
1560 931 1673 958 Verum
1697 928 1754 958 hoc
1776 927 1966 965 incommode

1016 971 1118 1002 sessori
1134 971 1227 1007 cedit,
1246 970 1332 1010 quod
1347 972 1525 1010 plerumque
1538 980 1599 1000 non
1613 971 1642 999 in
1657 971 1759 1009 primo,
1776 970 1824 999 vbi
1839 971 1964 1001 occurrit

1016 1013 1199 1048 vocabulum,
1213 1015 1286 1049 loco,
1300 1011 1348 1042 sed
1361 1014 1408 1043 vel
1420 1013 1452 1042 iu
1466 1019 1610 1047 extremo,
1626 1012 1674 1041 vel
1682 1013 1826 1052 quopiam,
1840 1011 1965 1050 quifere

1016 1064 1168 1086 extremus
1191 1054 1250 1092 est,
1281 1052 1327 1084 sua
1349 1056 1391 1085 illi
1413 1053 1557 1093 expositio
1583 1053 1675 1084 datur.
1718 1054 1764 1084 Ad
1786 1053 1856 1084 illud
1879 1063 1962 1084 certe

1017 1095 1111 1142 δῆμος
1130 1097 1208 1136 quod
1225 1098 1347 1135 attinet,
1370 1098 1479 1127 multae
1495 1095 1584 1136 ipsum
1601 1095 1712 1126 habent
1731 1097 1866 1136 paginae,
1887 1106 1964 1134 quae

1016 1141 1097 1169 illam
1114 1141 1183 1178 561.
1197 1138 1389 1177 praecedunt.
1425 1141 1468 1169 Ex
1484 1139 1587 1177 quibus
1603 1137 1644 1167 est
1659 1149 1685 1177 p.
1702 1146 1768 1177 542.
1785 1136 1837 1170 καὶ
1851 1134 1965 1176 α’Φικό·

1015 1193 1105 1224 μενος
1123 1182 1152 1218 ἐς
1167 1179 1222 1219 τὴν
1239 1178 1359 1219 Θάσον,
1380 1179 1435 1213 τὸν
1447 1179 1540 1221 δῆμον
1554 1183 1725 1212 κατέλυσε.
1762 1182 1873 1222 Verum
1889 1188 1919 1209 et
1934 1180 1964 1208 in

1017 1225 1089 1256 aljis,
1103 1223 1153 1261 qui
1167 1222 1330 1261 tongiffimo
1342 1223 1497 1252 interuallo
1505 1223 1585 1251 hunc
1598 1222 1787 1260 praecedunt,
1802 1223 1872 1251 locis
1882 1230 1965 1250 voca·

1018 1265 1120 1295 bulum
1134 1262 1208 1292 illud
1222 1264 1251 1292 in
1265 1261 1473 1306 δημοκρατίαις
1482 1262 1692 1303 significatione
1706 1263 1827 1302 positum
1842 1263 1908 1301 (illo
1924 1271 1966 1291 ta-

1018 1316 1089 1336 men
1111 1305 1149 1335 de
1168 1313 1203 1334 eo
1224 1314 1355 1343 tacente)
1379 1305 1522 1335 inuenies.
1565 1304 1649 1335 Idem
1669 1313 1737 1334 vero
1754 1305 1829 1334 etin
1846 1304 1966 1343 quibus-

1018 1348 1087 1378 dam
1103 1357 1163 1377 non
1178 1346 1327 1376 inutilibus
1343 1346 1451 1385 alioqui
1466 1345 1714 1376 admonitionibus
1731 1345 1778 1375 vsu
1793 1347 1880 1376 venit.
1912 1348 1965 1375 Ea-

1019 1399 1086 1419 rum
1100 1399 1118 1419 e
1134 1396 1260 1418 numero
1276 1390 1331 1418 vna
1345 1388 1387 1418 est
1403 1389 1432 1418 in
1449 1398 1476 1426 p.
1491 1396 1562 1427 535.
1576 1397 1643 1416 nam
1658 1397 1748 1427 quum
1764 1387 1805 1417 ibi
1819 1387 1932 1417 dicatur
1946 1396 1964 1416 ι

1019 1430 1206 1470 Thucydide,
1220 1430 1405 1474 προσέθηκέ
1413 1441 1451 1462 τε
1460 1429 1516 1469 (ὠς
1528 1428 1671 1469 ἐλέγετο)
1683 1429 1736 1462 ἐπὶ
1747 1429 1831 1465 ἰδίοις
1845 1427 1965 1472 κέρδεσι

1020 1472 1237 1515 Τισσαφέρνει
1259 1469 1368 1505 ἑαυτὸν
1387 1470 1443 1503 καὶ
1460 1469 1530 1513 περὶ
1549 1468 1662 1504 τούτου
1683 1470 1737 1503 καὶ
1753 1471 1823 1515 περὶ
1838 1472 1900 1503 τῶν
1914 1469 1975 1502 ιὶῖλ->

1018 1521 1093 1552 λων,
1116 1514 1151 1543 ab
1166 1514 1217 1543 illo
1231 1522 1397 1550 annotatur,
1416 1513 1480 1542 haec
1493 1511 1585 1549 verba,
1604 1512 1645 1549 ὠς
1661 1512 1805 1552 ἐλέγετο,
1824 1511 1868 1541 lzic
1881 1514 1965 1542 etiam

1017 1556 1123 1586 adieHa
1130 1555 1199 1595 sunt
1211 1554 1249 1585 acl
1260 1554 1455 1593 ostendendum,
1469 1553 1555 1594 ipsum
1563 1553 1596 1584 de
1608 1554 1687 1584 rebus
1700 1556 1813 1583 incertis
1826 1564 1878 1582 non
1889 1553 1967 1583 valde

1019 1598 1186 1628 contendere.
1214 1598 1306 1636 Atqui
1322 1598 1379 1627 loci
1393 1598 1470 1627 hunc
1481 1596 1661 1635 praecedunt
1676 1596 1889 1636 quamplurimi,
1904 1596 1967 1636 qui·

1020 1641 1074 1670 bus
1089 1639 1249 1669 admonitio
1263 1639 1314 1669 ista
1326 1649 1387 1669 non
1400 1639 1496 1668 minus
1512 1637 1716 1672 conueniebat,
1732 1649 1823 1677 quum
1838 1638 1965 1668 habeant

1021 1690 1051 1714 et
1064 1681 1114 1721 ipsi
1123 1680 1164 1717 ὠς
1177 1680 1320 1722 λέγεται.
1342 1680 1418 1711 Illud
1431 1678 1551 1715 quidem
1564 1689 1656 1716 certe,
1670 1680 1749 1718 quod
1762 1680 1808 1711 hic
1822 1680 1856 1709 ab
1873 1689 1909 1710 eo
1925 1679 1966 1708 di-

1021 1725 1105 1760 citur,
1129 1721 1172 1752 hic
1187 1731 1301 1763 quoque,
1317 1729 1400 1763 (nam
1416 1723 1446 1752 id
1461 1721 1541 1752 sonat
1555 1721 1743 1765 uqt'vas-aiieoe)
1758 1721 1966 1761 Thucydidem

1021 1766 1066 1796 his
1083 1765 1182 1795 verbis
1198 1764 1265 1795 alibi
1279 1766 1366 1795 etiam
1383 1765 1472 1794 talem
1486 1763 1564 1793 vsum
1580 1765 1648 1793 dare
1664 1763 1779 1793 indicat.
1819 1765 1881 1793 Nec
1895 1772 1965 1793 vero

1022 1807 1213 1837 dubitandum
1227 1807 1277 1844 est,
1288 1807 1358 1845 quin
1371 1808 1474 1836 multas
1485 1805 1520 1835 ad
1531 1805 1676 1836 historiam
1688 1808 1869 1844 pertinentes
1880 1814 1968 1837 anno-

1022 1850 1157 1884 tationes,
1174 1849 1278 1879 multas
1294 1848 1332 1878 de
1347 1849 1433 1878 rebus
1445 1846 1607 1878 necessariis
1623 1848 1849 1885 admonitiones,
1866 1847 1968 1878 multas

1024 1892 1183 1921 multarum
1200 1901 1305 1920 vocum
1320 1891 1532 1930 explicationes
1548 1888 1740 1920 habuifl'emus
1750 1890 1882 1929 (praeter
1896 1889 1968 1927 illas,

1025 1943 1095 1973 quas
1109 1933 1275 1969 habemus),
1298 1932 1317 1962 si
1332 1935 1447 1972 integra
1463 1930 1566 1961 scholia
1580 1931 1615 1962 ad
1629 1941 1681 1961 nos
1698 1930 1908 1970 peruenissent.

1067 1974 1159 2012 Quod
1186 1983 1282 2004 autem
1313 1975 1406 2004 multo
1432 1975 1501 2004 alias
1528 1974 1592 2003 aliis
1613 1973 1759 2004 doftiores
1782 1981 1811 2002 et
1836 1972 1971 2002 sermone

1025 2018 1118 2057 magis
1135 2026 1208 2056 puro
1225 2014 1339 2055 scriptas
1359 2016 1502 2046 habemus
1524 2017 1744 2053 annotationes,
1767 2014 1823 2045 hoc
1842 2014 1911 2045 inde
1929 2012 1971 2049 fit,

1026 2060 1104 2099 quod
1120 2069 1158 2088 ex
1173 2058 1293 2088 diuet-fis
1307 2066 1497 2088 coaceruatae
1512 2055 1575 2088 sunt
1592 2058 1647 2087 hae
1662 2058 1811 2096 reliquiae.
1847 2056 1972 2088 Interim

1027 2110 1107 2131 certe
1122 2100 1275 2131 fatendum
1292 2100 1351 2135 est,
1375 2100 1532 2130 nonnullas
1550 2108 1608 2129 tam
1624 2099 1721 2128 ducias
1738 2098 1805 2136 esse,
1828 2107 1887 2128 tam
1904 2107 1974 2137 pau·

1027 2143 1067 2173 cis
1089 2151 1207 2181 tamque
1223 2143 1347 2181 propriis
1364 2139 1586 2180 comprehensas
1605 2141 1714 2175 vetbis,
1737 2149 1766 2170 vt
1784 2142 1829 2170 vel
1852 2149 1973 2179 propter

1028 2194 1077 2214 eas
1091 2185 1208 2223 (vtpote
1224 2185 1253 2213 in
1270 2184 1376 2223 quibus
1392 2192 1527 2213 veterum
1547 2182 1718 2212 scholiorum
1737 2183 1867 2212 indolem
1884 2190 1974 2221 agno-

1028 2225 1145 2264 scimus)
1165 2226 1209 2263 ei',
1233 2227 1314 2256 cuius
1335 2225 1481 2255 beneficio
1498 2225 1532 2254 ad
1555 2235 1607 2254 nos
1628 2226 1682 2254 hae
1701 2220 1855 2265 ἐξηγήσεις
1873 2232 1975 2261 perue-

1030 2277 1148 2304 nerunt,
1171 2268 1262 2307 magis
1279 2277 1370 2308 agere
1385 2268 1490 2306 gratias
1507 2265 1673 2296 debeamus.
1712 2268 1809 2295 Vnum
1827 2277 1862 2294 ex
1877 2274 1973 2304 quam·

1029 2311 1163 2350 plurimis
1178 2310 1250 2346 eius,
1268 2320 1353 2349 quam
1371 2309 1438 2344 dixi,
1455 2309 1497 2338 rei
1511 2309 1684 2347 exemplum
1699 2307 1827 2339 afferam,
1854 2307 1881 2335 id
1896 2303 1975 2344 quod

1031 2362 1098 2382 mea
1120 2351 1192 2381 mihi
1216 2353 1343 2390 primum
1371 2351 1512 2380 memoria
1535 2348 1678 2390 suggessit.
1730 2350 1761 2380 ld
1791 2359 1827 2377 ex
1857 2359 1884 2386 p.
1908 2355 1976 2386 159.

1032 2393 1149 2424 sumam.
1205 2393 1248 2424 lbi
1274 2393 1353 2423 enim
1382 2401 1518 2422 narrante
1546 2391 1738 2431 Thmydide,
1776 2392 1977 2421 Timocratem

1033 2436 1315 2466 Lacedamoniom.
1340 2435 1543 2475 nauigantem.
1566 2444 1655 2471 quum
1680 2434 1760 2461 nauis
1782 2431 1979 2470 frangeretur,

1032 2477 1128 2517 gladio
1141 2475 1169 2506 se
1183 2475 1355 2516 transegisse
1371 2476 1402 2510 (si
1419 2485 1513 2505 tamen
1524 2471 1666 2514 ε”σΦκξεν
1681 2473 1787 2506 {xor-dv
1802 2473 1856 2503 lto-⁴
1875 2473 1978 2511 potius,

1032 2528 1119 2558 quam
1132 2519 1200 2558 alio,
1214 2519 1467 2558 interpretandum
1482 2517 1523 2547 est
1538 2516 1642 2555 modu)
1652 2514 1791 2554 scribitur,
1807 2512 1984 2548 Λακωνικὸν

1866 2559 1942 2597 Per
