2166 2777
182 95 342 129 XXXIV
444 66 1907 139 DVKERIPRAEFARTIOae

183 205 297 247 quam
314 190 390 230 hoc
408 188 536 241 poffit:
564 190 630 241 qui
649 185 746 225 haud
762 184 874 223 dubie
899 183 1033 224 melius
1055 181 1173 222 famae
1192 182 1276 221 suae
1299 179 1549 225 consuluisset,
1576 178 1597 218 fi
1622 179 1657 218 se
1675 181 1765 218 intra
1785 175 1993 229 pelliculam
2013 172 2119 215 suam

183 259 320 295 tenere,
346 256 382 286 et
400 261 418 285 a
433 245 544 285 bonis
564 241 811 295 Scriptoribus
834 240 1153 280 commaculandis
1172 251 1325 278 manum
1345 237 1523 284 abstinere
1542 235 1727 287 potuisset.

285 305 411 356 Atque
430 302 491 340 hic
506 315 625 353 quum
647 311 721 338 tani
743 295 976 345 immodeste,
1000 307 1150 350 tamque
1166 295 1321 346 superbe
1343 296 1450 333 Viros
1469 292 1703 331 dotsht‘i'imos
1720 289 1859 339 tractet,
1889 301 1966 328 non
1988 289 2119 338 miror,

183 358 209 401 fi
227 363 261 399 in
280 373 339 399 me
360 359 478 397 multo
497 361 637 395 maiore
661 357 940 406 intemperantia
967 366 1007 391 ac
1026 352 1225 404 petulantia
1249 352 1414 389 mcu=rit.
1473 352 1678 388 Literarum
1708 361 1769 386 me
1790 360 1867 385 uon
1888 355 2120 396 magnopere

184 408 352 470 peritum¹
377 415 446 454 effe
473 412 575 452 facile
597 415 631 450 ei
651 412 794 461 largior,
821 409 884 449 etfi
908 410 942 448 l'e
959 423 1084 448 earum
1114 400 1328 460 peritiorcm
1347 405 1418 445 esse
1437 406 1607 444 nondum
1632 407 1809 456 cuiquam
1835 402 2029 454 probauit:
2058 396 2122 438 sed

186 473 291 527 quod
307 470 341 512 se
358 471 460 522 laepe
479 472 624 522 putidas
650 481 690 507 ac
707 466 874 506 difficiles
894 478 993 505 meas
1020 478 1135 516 nugas
1161 478 1227 515 pro
1246 465 1414 503 minutiis
1435 463 1711 509 Grammaticis,
1743 470 1935 513 tamquam
1956 469 2025 510 pro
2041 468 2121 507 gra·
2164 503 2166 511 Α

186 529 338 569 viffimis
357 527 574 566 sublimium
591 524 846 564 doeh-inarum
864 524 1061 572 dogmatis,
1089 535 1177 560 cum
1194 519 1354 559 aliorum
1383 525 1577 557 contemtu
1597 517 1815 556 differtantis
1832 514 1936 554 riliffe
1953 513 2054 560 dicit,
2081 510 2122 551 id
2164 514 2166 522 ¹

187 598 275 626 eum
292 585 501 635 argumenti
520 581 728 620 exornandi
746 581 862 628 caula,
885 591 920 617 et
939 588 977 616 vt
993 577 1194 616 ridiculum
1213 590 1273 615 me
1290 574 1437 625 faceret,
1470 586 1506 613 vt
1525 577 1562 613 in
1578 575 1691 612 huius
1708 574 1854 624 generis
1870 571 2133 611 concertatio-⁷

186 641 297 682 nibus
313 640 417 688 solet,
447 648 711 678 commentum
728 636 896 682 arbitror,
919 648 1042 687 neque
1062 647 1242 686 vmquam
1260 632 1317 671 vel
1335 633 1467 679 iurato,
1498 633 1546 670 ita
1567 631 1682 669 fidem
1700 628 1798 681 apud
1815 642 1875 669 me
1892 625 2144 681 praemortui-

187 699 342 750 pudoris
359 696 604 735 calumniator
620 694 785 734 decoxit,
815 693 973 730 credam.
1035 690 1104 729 Sed
1121 690 1218 729 esto:
1257 690 1381 727 rilerit.
1443 688 1547 737 Quid
1568 683 1673 725 tum?
1708 687 1770 725 An
1789 697 1945 738 vsquam
1964 684 2023 723 lex
2039 682 2121 721 scri-

187 765 249 807 pta
269 754 336 792 est:
373 752 542 804 Quidquid
562 750 723 799 Magister
739 751 873 787 [ommes
893 747 1054 798 Culparus
1069 747 1276 792 Srln'r'ideruss
1306 746 1472 799 Gymnastz
1493 743 1672 798 Delphenfis
1687 742 1817 791 metor,
1847 751 2037 794 praetereo
2061 750 2123 778 ce-

188 821 288 850 teros
303 808 458 848 ridicule
480 806 660 859 superbos
689 806 828 847 titulos,
860 817 956 858 quos
983 805 1130 842 nomini
1156 802 1224 841 suo
1248 800 1428 849 adici-ibit,
1450 803 1596 852 paridam
1616 813 1652 837 ac
1675 798 1843 837 ridiculum
1867 799 1919 849 effi2
1943 797 2125 842 decreuerit,
2156 820 2157 823 =

188 868 224 905 id
240 869 284 904 vti
304 866 451 917 putidum
473 878 510 901 ac
536 863 699 901 ridiculum
716 863 787 914 stet,
815 869 843 898 et
859 861 901 898 ab
919 860 1060 898 onmlbus
1083 859 1267 897 habiatur?
1306 861 1395 897 Non
1416 870 1522 909 puto.
1581 855 1639 894 1¹?st
1657 854 1715 894 ille
1732 854 1885 907 quidem
1907 857 1986 893 Rex
2005 851 2124 891 Scho-

188 922 345 970 lasticus,
376 933 500 974 eoque
524 932 639 969 regno
665 920 734 957 l'uo
759 930 840 956 non
863 919 989 955 minus
1016 915 1215 966 magnifice
1238 914 1272 953 se
1298 915 1415 961 effert,
1452 926 1564 966 quam
1591 910 1615 951 fi
1641 912 1826 950 Persarum
1857 921 1893 950 et
1916 909 2124 954 Medorum

188 981 387 1030 imperinm
416 978 616 1016 obtineret:
647 974 707 1013 sed
732 983 836 1022 errat,
866 983 902 1012 et
927 973 959 1012 l'e
979 975 1136 1022 ignorat.
1167 984 1237 1010 nec
1265 970 1427 1010 modulo
1452 984 1493 1008 ac
1520 970 1612 1021 petie
1632 968 1701 1007 suo
1717 969 1839 1007 metiri
1865 967 1900 1006 se
1919 965 2062 1016 didicit,
2097 961 2124 1004 fi
2165 982 2166 988 ¹

189 1035 316 1082 credit,
336 1033 399 1072 fibi
423 1044 522 1072 extra
546 1034 772 1070 territorium
799 1034 857 1068 ius
880 1030 1017 1068 dicenti
1043 1041 1274 1081 quomquam
1303 1026 1360 1066 vel
1380 1027 1620 1066 mediocriter
1645 1025 1828 1064 literarum
1857 1027 2032 1076 peritum,
2057 1021 2124 1074 qui

189 1089 318 1143 scripta
341 1090 400 1129 lua
426 1089 633 1141 inspexerit,
667 1090 896 1138 pariturum3
925 1088 961 1123 in
985 1085 1122 1138 quibus
1143 1083 1317 1137 pleraque
1335 1085 1463 1122 omnia
1482 1081 1581 1121 adeo
1599 1081 1739 1133 putida,
1770 1080 1922 1119 ridicula
1940 1091 2050 1132 atque
2070 1082 2124 1117 in-

189 1157 271 1200 epta
290 1146 371 1192 effe,
401 1146 441 1185 vt
460 1144 552 1184 nihil
569 1144 686 1196 supra,
714 1145 752 1182 in
770 1142 931 1196 procliui
946 1141 1045 1181 foret
1063 1140 1328 1190 demonstrare,
1357 1137 1380 1178 fi
1400 1142 1484 1193 quis
1512 1148 1587 1178 tam
1606 1141 1746 1189 ignauo
1762 1137 1938 1189 sanguine
1952 1138 2125 1190 inquina-

187 1206 218 1243 ri
236 1202 356 1243 vellet.
2118 1192 2119 1195 ’

290 1256 464 1299 Obiec‘hit
490 1259 601 1296 etiam
627 1255 721 1295 mihi
748 1254 911 1294 insanam
931 1256 1028 1293 Viris
1049 1252 1204 1293 eruditis
1223 1251 1438 1292 detrahendi
1465 1250 1674 1301 libidinem,
1701 1260 1738 1291 et
1754 1249 1904 1290 Zoilum
1924 1262 1984 1289 me
2001 1255 2125 1298 vocat,
2165 1284 2166 1292 ,

190 1315 316 1364 credo,
334 1314 438 1365 quod
454 1327 515 1353 me
531 1314 653 1362 suum,
666 1315 791 1362 magni
811 1311 945 1350 scilicet
956 1312 1129 1358 Homeri,
1153 1312 1349 1360 ingenium
1369 1307 1579 1347 detrectasse
1601 1306 1858 1358 suspicabatur.
1915 1309 2052 1358 Neque
2070 1314 2123 1342 ta-
2165 1298 2166 1339 ζ

189 1386 279 1413 men
296 1370 489 1410 ostendere
510 1371 659 1421 poterit,
692 1381 753 1407 me
779 1380 935 1420 vsquam
964 1379 1018 1415 ea,
1047 1379 1118 1419 qua
1146 1365 1191 1414 se,
1222 1364 1425 1404 verborum
1452 1366 1657 1415 arrogantia
1684 1363 1857 1402 aduersus
1876 1363 2000 1409 Viros,
2026 1372 2125 1413 quo·
2165 1399 2166 1403 ,

191 1442 276 1468 rum
301 1426 480 1480 praeclara
507 1435 544 1464 et
563 1423 742 1464 omnibus
760 1433 848 1462 nota
866 1423 951 1461 sunt
968 1426 1006 1460 in
1029 1436 1107 1461 rem
1129 1421 1320 1460 literariam
1348 1423 1490 1468 merita,
1511 1420 1617 1459 vsum
1643 1420 1734 1466 effe3
1767 1433 1888 1472 quum
1905 1431 1950 1457 ne
1971 1416 2021 1456 illi
2041 1417 2126 1470 qui-

191 1485 289 1530 dem,
321 1497 434 1537 quem
464 1496 596 1530 vnum,
625 1480 731 1533 quod
754 1479 788 1518 se
810 1483 848 1518 in
876 1478 1000 1528 rebus,
1027 1481 1064 1516 in
1092 1476 1228 1531 quibus
1255 1475 1346 1517 nihil
1370 1476 1528 1525 videbat,
1557 1476 1641 1528 plus
1662 1474 1842 1516 o⁰mnibus
1868 1472 1991 1514 dodiis
2006 1472 2125 1525 sapere

190 1540 352 1594 putabat,
382 1537 538 1577 fortassis
556 1537 682 1589 paullo
698 1538 838 1576 acriore
856 1533 1138 1586 acetocperfudh
1165 1543 1375 1573 ceterorum
1396 1533 1606 1572 studiorum
1626 1532 1773 1572 laudem
1791 1531 2025 1571 detraxerim.
2053 1527 2125 1568 Sed
2165 1564 2166 1569 ,

190 1601 263 1651 quis
279 1599 384 1635 tulerit
402 1596 563 1633 Gracchos
581 1595 617 1631 de
622 1593 784 1646 seditione
800 1592 992 1645 querentes?
1035 1593 1133 1629 Nam
1154 1590 1244 1643 quid
1262 1590 1337 1642 ipse
1361 1589 1574 1640 designauit,
1603 1599 1639 1628 et
1657 1602 1771 1642 quam
1797 1588 1986 1640 perspicua
2003 1584 2125 1636 fingu-

191 1654 272 1693 laris
291 1651 454 1691 inuidiae
473 1664 515 1689 ac
535 1649 812 1689 maledicentiae
830 1656 1044 1699 argumenta
1065 1657 1175 1700 atque
1192 1646 1327 1686 indicia
1344 1646 1457 1688 dedit,
1485 1659 1606 1699 quum
1626 1648 1720 1693 Viro
1736 1643 1953 1684 docffiffimo
1971 1653 2043 1682 tam
2061 1654 2125 1694 pe-

191 1709 348 1749 tulanter
372 1721 413 1746 ac
430 1716 604 1759 proterue
629 1705 829 1752 insultauit‚
855 1715 894 1743 vt
919 1717 1008 1743 eum
1033 1717 1102 1755 pro
1122 1705 1299 1754 imperito
1322 1702 1508 1742 literarum
1535 1712 1571 1741 et
1588 1701 1764 1754 plagiario
1781 1700 1996 1745 traduceret,
2026 1696 2124 1738 mul-

192 1768 314 1819 tisque
339 1764 416 1803 aliis
441 1765 625 1802 conuiciis
650 1760 897 1807 insec'iaretun
925 1773 1004 1800 non
1033 1759 1139 1799 aliam
1166 1758 1218 1798 ob
1243 1759 1387 1798 caulam
1417 1762 1451 1797 ei
1477 1760 1599 1803 iratus,
1623 1772 1737 1812 quam
1759 1756 1866 1811 quod
1891 1755 2063 1809 publicus
2083 1756 2124 1794 in

191 1821 393 1862 Academia
409 1819 596 1858 literarum
614 1816 794 1857 Professor
809 1818 871 1867 est,
900 1830 1019 1870 quum
1037 1816 1112 1868 ipse
1129 1815 1377 1866 ludimagister
1394 1813 1612 1867 Delphenfis
1631 1813 1670 1853 lit
1689 1826 1828 1867 (neque
1845 1816 1950 1853 enim
1963 1815 2011 1851 ita
2029 1805 2123 1851 cela-

192 1892 231 1917 re
247 1876 429 1916 inuidiam
447 1875 578 1928 potest,
607 1876 698 1928 quin
718 1873 933 1926 perluceat),
951 1882 988 1911 et
1005 1872 1111 1926 quod
1128 1885 1146 1911 a
1161 1870 1404 1924 Lipfienfibus
1421 1871 1587 1910 laudatus
1605 1869 1744 1910 fuerat?
1768 1871 1848 1910 Aut
1864 1883 1984 1923 quum
2001 1866 2126 1908 neces-

192 1934 304 1974 sarios
321 1945 440 1979 meos,
467 1932 511 1971 ad
530 1944 627 1985 quos
644 1930 686 1969 lis
703 1931 824 1969 nostra
844 1930 933 1968 nihil
950 1929 1168 1980 pertinebat,
1186 1939 1254 1977 eta
1272 1927 1410 1982 quibus
1429 1941 1550 1982 neque
1567 1926 1670 1966 disto
1687 1940 1812 1977 neque
1830 1925 1929 1966 facio
1949 1924 2025 1964 vllo
2043 1937 2125 1964 vm-

194 2003 307 2043 quam
334 1989 447 2028 laesus
471 1986 601 2038 fuerat,
630 1987 831 2026 mendaciis
859 1996 895 2025 et
916 1985 1112 2025 calumniis
1134 1984 1423 2036 improbiffimis
1446 1981 1639 2024 lacerauit?
1680 1986 1860 2034 Qlorum
1890 1981 1980 2021 illud
2003 1981 2125 2021 liuore

192 2044 316 2088 suffufi
332 2055 367 2085 et
383 2043 646 2084 maleuolentia
661 2045 792 2095 ieiuni,
820 2041 895 2081 hoc
914 2041 1120 2081 humillimi
1136 2044 1371 2094 minimeque
1387 2040 1501 2080 virilis
1517 2041 1632 2079 animi
1647 2040 1707 2079 est.
1755 2042 1889 2092 Neque
1908 2041 2010 2078 enim
2030 2037 2125 2076 vllus

192 2102 374 2155 generoso
394 2099 544 2152 pectore
562 2113 664 2152 puer,
692 2102 814 2139 immo
838 2112 884 2138 ne
903 2097 1040 2138 mulier
1061 2098 1217 2152 quidem
1237 2097 1363 2149 paullo
1387 2095 1560 2144 eretstior²
1582 2098 1758 2136 iniuriam
1783 2095 1828 2135 ab
1845 2088 1922 2135 alio
1934 2103 2124 2147 acceptam

191 2161 325 2199 iniuria
345 2160 382 2196 in
399 2160 637 2196 immerentes
653 2154 750 2194 illius
767 2157 1003 2208 propinquos
1020 2154 1142 2193 vlcisci
1165 2154 1347 2193 sustineat.

295 2213 386 2253 Illud
406 2226 520 2265 porro
542 2225 654 2265 quam
673 2211 756 2251 leue
770 2225 811 2250 ac
829 2210 1010 2250 friuolum
1027 2211 1088 2260 est,
1120 2209 1228 2264 quod
1244 2209 1336 2249 mihi
1360 2223 1429 2262 pro
1447 2223 1556 2249 nouo
1574 2218 1683 2263 atque
1701 2208 1872 2249 inaudito
1888 2207 2044 2247 crimine
2060 2220 2124 2248 ex·

193 2269 354 2324 probrat‚
381 2267 559 2308 audiuiffe
576 2268 621 2317 se,
638 2281 759 2320 quum
776 2267 950 2317 dicerem,
971 2267 1178 2306 editionem
1195 2269 1365 2306 Suetonii
1383 2280 1401 2305 a
1417 2266 1549 2306 Pitisco
1572 2276 1806 2317 procuratam
1831 2264 2021 2315 indignam
2039 2263 2126 2313 effe,

195 2341 290 2380 quae
305 2326 429 2366 lucem
446 2323 672 2377 adl'pexiffet,
700 2337 746 2362 ne
764 2322 856 2376 quid
873 2322 1009 2363 debere
1036 2333 1110 2362 tam
1128 2326 1243 2363 veteri
1265 2322 1519 2374 ludimagistro
1538 2322 1693 2362 viderer.
1752 2324 1841 2362 Hoc
1859 2317 2030 2370 dixerim,
2054 2332 2125 2359 nec

196 2396 265 2433 ne,
296 2396 375 2422 non
399 2382 484 2421 scio.
542 2379 613 2420 Sed
634 2379 752 2418 Pitisei
776 2380 1069 2419 Commentariis
1093 2382 1132 2420 in
1149 2382 1375 2419 Suetonium
1398 2379 1491 2418 nihil
1507 2379 1650 2429 debeo,
1687 2376 1752 2418 nifi
1778 2377 1884 2432 quod
1913 2390 1974 2417 me
1997 2375 2124 2416 labore

197 2438 397 2493 quaerendi
422 2436 536 2477 multa
561 2436 642 2475 loca
659 2439 890 2481 Scriptorum
918 2446 1109 2485 veterum,
1157 2449 1252 2489 quae
1285 2435 1389 2474 doffl
1412 2439 1631 2487 Interpretes
1661 2434 1734 2474 fine
1757 2434 1900 2474 indicio
1927 2431 2124 2483 librorum,

200 2497 366 2546 capitum
394 2503 429 2533 et
451 2493 626 2533 versuum
650 2492 898 2541 laudauerant,
934 2491 1164 2531 leuauerunt.
1221 2495 1354 2545 Neque
1377 2506 1569 2545 vmquam,
1605 2491 1697 2545 quid
1724 2491 1769 2530 de
1792 2493 1836 2530 iis
1864 2492 1901 2529 in
1928 2499 2123 2541 Vtramque

200 2560 343 2605 partem
358 2550 542 2601 sentirem,
573 2547 810 2596 diffimulaui,
839 2557 952 2604 atque
975 2550 1088 2590 etiam
1101 2547 1248 2589 dudum
1270 2547 1421 2602 publice
1446 2546 1580 2603 scripsi,
1609 2547 1728 2591 multa
1753 2540 1824 2591 esse
1840 2548 1943 2600 iniis
1967 2541 2126 2599 &xgm'as
