2166 2777
446 19 746 75 HENRICI
778 19 1127 75 STEPHANI
1163 20 1574 68 PRAEFATIO.
1906 28 2005 66 ”XLV

25 127 423 186 .,pseudopare11thefis
438 129 509 179 effe
527 131 774 182 comperitur.
832 132 943 181 Qae
967 129 1033 171 nili
1051 130 1362 184 deprehendatur,
1391 145 1491 188 quos
1509 134 1704 186 occuparit
1725 131 1847 184 locos,
1875 130 1921 172 [ic
1941 133 1999 171 in-

55 187 212 229 volutos
238 189 530 241 impeditosque,
561 198 599 226 et
624 194 682 236 (vt
700 188 748 227 ita
765 185 903 233 dicam)
927 186 1191 243 λαβυςινὲὢδεις
1215 188 1404 245 relinquit,
1432 199 1473 230 vt
1494 203 1544 230 ex
1567 190 1638 230 illis
1662 203 1710 230 ne
1735 188 1811 242 ipse
1837 188 1995 243 quidem

52 244 238 286 Daedalus
253 244 289 284 se
308 243 488 293 euoluere
502 243 761 297 expedireque
777 244 901 295 possit.

155 305 215 341 DE
243 304 430 340 Scironis
462 300 629 339 secundo
656 299 745 339 loco
774 299 886 340 nobis
910 300 1115 341 dicendum
1142 301 1205 352 est,
1236 301 1273 342 id
1298 302 1358 347 est,
1386 301 1433 343 de
1458 312 1623 343 nauataa
1641 301 1751 342 nobis
1779 304 1817 341 in
1843 300 1996 341 illorum

53 357 259 407 editionem
278 370 408 409 opera:
433 354 459 395 fi
476 366 601 396 tamen
618 358 722 408 prius
741 356 902 397 nostram
923 357 969 397 de
988 357 1057 397 illis
1082 358 1369 410 exposuerimus
1393 360 1623 401 sententiam.
1684 361 1867 412 Quisquis
1885 360 1997 408 igitur

51 427 93 462 ea
116 413 222 464 leget,
253 427 334 453 non
362 415 498 463 vuius„
517 412 578 453 sed
605 413 855 464 diuersorum,
884 422 922 459 et
944 414 1100 468 quidem
1127 414 1240 467 longe
1265 415 1510 463 dissimilium‚
1540 418 1793 457 enarrationes
1812 414 1882 454 effe
1902 415 1997 454 sciat.

44 468 294 514 Diffimilium
313 478 451 520 autem,
482 483 562 510 non
586 468 871 519 habitatantum
896 474 1041 511 ratione
1065 475 1260 524 temporiS,
1298 473 1359 513 sed
1377 472 1502 513 multo
1522 476 1634 513 etiam
1659 475 1776 524 magis
1792 471 1998 521 doetrinae,

49 525 149 567 dico.
206 526 400 566 Nonnulla
425 528 528 566 enim
554 525 744 581 quendam
768 528 956 567 vetustatis
981 526 1081 574 πῖνον,
1111 538 1148 567 et
1163 528 1352 583 quandam
1375 529 1631 571 eruditionem
1659 528 1910 582 ἆξχαιοπξεπῖἷ
1936 525 2000 580 (vt

49 585 98 624 ita
115 582 256 629 dicam)
271 596 356 636 prae
370 583 406 623 se
421 581 567 623 serunt:
595 582 778 623 nonnulla
801 593 931 623 contra
951 584 1228 627 Graeculorum
1253 585 1607 639 ludimagistrorum‚
1635 599 1713 625 non
1742 584 1864 624 multo
1882 593 1999 624 aetate

42 639 170 680 nostra
188 639 441 695 superiorum,
453 639 637 679 triuialem
657 640 784 679 nescio
798 653 911 694 quam
929 640 1140 681 doelrinam
1158 642 1341 682 redolent.
1399 647 1515 682 Hunc
1532 653 1658 682 autem
1675 641 1909 681 scholiorum
1926 639 1999 681 vel-

46 699 100 743 vti
122 698 282 736 cinnum
307 695 395 736 inde
421 695 643 745 ortum'efl‘e
664 695 834 749 arbitror,
865 697 972 751 quod
996 711 1117 751 quum
1143 702 1303 751 margini
1324 699 1661 739 vetustissimorum
1678 697 1916 748 Thucydidis
1935 710 2001 736 ex-

45 753 268 807 emplarium
292 755 330 793 in
354 765 498 806 paucos
515 752 701 799 duntaxat
718 752 827 794 locos
850 757 1098 795 enarrationes
1116 755 1324 807 priscorum
1348 759 1519 797 virorum
1534 768 1747 809 eorumque
1763 752 2000 795 doetiffimo-

47 824 146 861 tum,
178 810 312 852 breues
337 815 392 859 (vt
415 823 500 849 mos
523 823 660 850 eorum
682 819 898 863 temporum
921 809 1077 860 ferebat)
1099 811 1298 864 adscriptae
1321 813 1447 863 essent,
1484 813 1637 853 illorum
1660 812 1792 851 itidem
1816 811 1998 851 codicum

40 869 217 919 margini,
246 869 313 921 qui
337 866 465 914 multis
491 867 574 919 post
598 869 703 907 annis
720 865 893 919 descripti
908 867 1073 918 fuerunt,
1104 868 1184 908 suas
1202 868 1460 911 adscribendas
1488 871 1709 918 censuerint,
1742 871 1808 922 qui
1826 878 1916 907 tunc
1933 866 1998 906 ali-

74 925 153 964 uod
170 927 266 963 inter
281 923 369 963 suos
389 936 533 963 nomen
552 923 603 963 ob
620 926 753 964 veteris
769 923 918 975 linguae
934 927 1098 965 Graecae
1116 925 1379 977 cognitionem
1395 925 1520 978 adepti
1541 937 1654 966 erant.
1686 928 1799 976 Hinc,
1829 927 1998 977 inquam,

0 992 4 995 '
29 937 187 1022 'stadium
213 980 285 1020 effe
308 978 477 1029 arbitror,
506 989 546 1019 vt
561 982 600 1020 in
616 979 674 1020 his
695 980 846 1020 scholiis
862 980 954 1020 mala
973 979 1042 1021 fint
1064 986 1243 1034 permixta
1270 985 1394 1033 bonis,
1421 983 1480 1023 vel
1500 986 1626 1035 potius
1651 981 1802 1035 peffima
1821 982 1995 1033 optimis:

37 1038 211 1092 ideoque
229 1037 423 1077 summum
448 1036 706 1077 adhibendum
721 1036 793 1077 esse
809 1040 848 1076 in
875 1051 1011 1077 eorum
1031 1037 1193 1078 lediione
1210 1039 1398 1080 iudicium
1417 1052 1660 1092 praemoneo.
1718 1041 1800 1078 Nec
1817 1051 1908 1076 vero
1927 1036 1998 1075 du-

4 1093 10 1096 ’
44 1093 150 1136 bium
167 1094 231 1145 est,
250 1096 353 1148 *quin
369 1092 474 1133 hunc
489 1095 527 1133 in
545 1092 741 1134 aunorem
759 1093 884 1134 multo
901 1094 1004 1146 plura
1023 1094 1152 1148 scripta
1176 1093 1321 1136 fuerint
1343 1094 1426 1144 illis,
1451 1110 1548 1150 quae
1564 1096 1610 1137 ad
1633 1108 1703 1135 nos
1720 1101 1995 1148 perueneruntz

45 1165 142 1206 quae
159 1150 184 1190 fi
204 1153 332 1190 omnia
350 1151 546 1202 exstarent,
573 1149 716 1190 facilius
733 1150 855 1191 multo
876 1151 922 1190 de
940 1150 1262 1202 Phoebammone‚
1293 1152 1339 1193 de
1348 1152 1540 1205 Asclepio,
1571 1153 1618 1192 de
1633 1152 1791 1202 Antyllo
1810 1157 1994 1204 (quorum

45 1208 247 1248 sententiae
265 1206 455 1246 interdum
472 1209 511 1245 in
529 1206 586 1246 his
604 1205 756 1246 scholiis
782 1212 1067 1259 proponuntur)
1091 1209 1275 1248 iudicium
1301 1208 1384 1249 ferri
1409 1209 1540 1261 posset.
1597 1213 1700 1249 Haec
1723 1209 1770 1248 de
1790 1206 1872 1260 ipfis
1888 1206 1994 1247 scho-

46 1265 104 1304 liis
128 1256 242 1304 habiri
268 1276 364 1317 quae
381 1262 556 1302 dicerem.
617 1263 797 1314 Superest,
817 1273 869 1312 vt,
902 1263 994 1316 quid
1019 1265 1147 1303 nostro
1174 1267 1268 1304 circa
1294 1279 1334 1305 ea
1361 1265 1486 1306 labore
1512 1264 1691 1306 effectum
1717 1264 1769 1314 fit,
1799 1263 1993 1315 intelligas.

10 1337 15 1338 ⁷
36 1320 232 1360 Effectum
249 1320 301 1359 est
317 1321 510 1373 nimirum,
543 1327 583 1356 vt
607 1331 702 1371 quae
721 1328 826 1358 antea
844 1318 1015 1370 plurimis
1032 1322 1071 1358 i'n
1096 1320 1190 1360 locis
1207 1334 1256 1360 ex
1270 1319 1422 1361 vtilibus
1446 1321 1588 1361 inutilia
1606 1321 1743 1362 reddita
1757 1319 1916 1370 fuerant,
1940 1328 1993 1358 at-

36 1389 119 1432 :que
136 1376 232 1416 adeo
260 1372 664 1421 lecstoremturbabant
688 1377 813 1424 etiam,
843 1389 946 1415 nunc
971 1375 1121 1416 summo
1140 1391 1229 1416 cum
1253 1375 1380 1418 frudlu
1395 1391 1414 1417 a
1433 1377 1618 1432 quolibet,
1649 1380 1716 1432 qui
1738 1377 1858 1418 modo
1875 1385 1992 1416 atten-

34 1435 189 1474 tionem
204 1430 386 1482 adhibeat,
415 1430 487 1483 legi
506 1431 655 1483 poffint.
713 1432 819 1483 Quid
839 1446 930 1472 vero
946 1445 986 1472 ea
1006 1435 1108 1485 prius
1124 1433 1268 1474 inutilia
1285 1433 1480 1475 reddebat?
1510 1437 1644 1475 Partim
1662 1448 1716 1484 ea,
1746 1447 1844 1489 quae
1863 1436 1902 1473 in
1922 1432 1993 1472 illis

31 1490 173 1544 ..paffim
188 1487 448 1544 occurrebant,
475 1487 672 1540 deprauata
689 1489 883 1535 vocabula,
912 1492 1045 1541 partim
1061 1495 1114 1539 (et
1130 1491 1254 1530 multo
1272 1491 1428 1545 quidem
1447 1491 1582 1544 magis)
1600 1505 1695 1546 quae
1712 1491 1786 1531 suis
1803 1505 1823 1531 e
1839 1490 1932 1530 locis
1951 1491 1990 1529 in

29 1546 184 1588 -alienos
203 1548 452 1597 migrauerant
476 1543 743 1597 expolitiones,
803 1548 918 1598 Saepe
944 1549 1047 1586 enim
1072 1549 1112 1586 in
1139 1547 1258 1602 aliqua
1282 1547 1394 1588 verba
1421 1547 1608 1600 expofitio
1628 1546 1862 1600 afferebatur,
1894 1558 1992 1600 quae

42 1617 131 1645 cum
149 1602 220 1644 illis
237 1601 345 1646 nullo
363 1603 486 1642 modo
502 1601 779 1649 conueniebat3
814 1602 1020 1656 quomodo
1037 1613 1163 1644 autem
1183 1607 1392 1645 conuenire
1417 1605 1608 1658 potuisset,
1639 1604 1760 1659 quum
1777 1618 1858 1644 non
1872 1605 1917 1644 ad
1935 1615 1990 1652 ea,

39 1660 102 1702 sed
117 1660 162 1701 ad
180 1659 260 1710 alia,
292 1658 504 1699 multorum
519 1658 707 1709 versuum,
733 1659 922 1698 interdum
949 1668 985 1699 et
999 1660 1204 1700 multarum
1223 1664 1442 1714 paginarum
1460 1662 1586 1714 spatio·
1600 1662 1687 1702 inde
1703 1661 1880 1711 distantia,
1908 1672 1990 1712 per-

41 1715 197 1758 tineret?
223 1718 345 1758 Cuius
360 1718 658 1768 permutationis,
688 1725 753 1755 aut
771 1718 899 1768 potius
924 1716 1226 1768 perturbationis,
1252 1718 1423 1772 exempla
1448 1719 1607 1771 plurima
1625 1718 1759 1771 partim
1777 1732 1824 1758 ex
1844 1718 1990 1757 nostrae

41 1774 218 1816 editionis
235 1786 322 1813 cum
340 1771 595 1824 superioribus
617 1771 834 1818 collatione,
861 1775 996 1825 partim
1017 1787 1064 1813 ex
1083 1774 1212 1814 nostro
1231 1776 1541 1815 Annotationum
1564 1772 1660 1815 libro
1685 1774 1752 1815 tibi
1770 1775 1989 1827 suppetent:

3 1849 7 1851 ·
41 1834 81 1872 in
95 1844 175 1885 quo
193 1839 232 1870 et
246 1828 303 1869 illa
321 1828 474 1879 scholia,
505 1842 600 1882 quae
619 1831 659 1868 in
678 1829 758 1869 luas
775 1828 878 1869 sedes
896 1829 1068 1869 nondum
1092 1830 1242 1871 reducta
1258 1829 1423 1879 fuerunt,
1453 1829 1772 1884 (subterfugerunt
1797 1833 1901 1871 enim
1919 1843 1989 1870 no·

42 1887 148 1927 stram
163 1885 439 1927 festinationem
458 1885 604 1940 aliquot
617 1899 767 1936 eorum,
796 1899 891 1940 quae
906 1888 1170 1938 migrauerant)
1191 1888 1380 1936 reducere,
1410 1898 1447 1929 et
1465 1902 1559 1944 quae
1574 1889 1768 1942 supersunt
1783 1890 1823 1928 in
1841 1887 1910 1927 illis
1925 1886 1993 1927 de-

41 1946 278 1997 prauationes
296 1942 439 1992 tollere,
471 1956 599 1995 magna
617 1941 744 1982 saltem
763 1956 811 1982 ex
831 1952 944 1995 parte,
971 1943 1207 1984 conabimur.

141 2002 349 2041 Posrvm
368 2002 435 2055 qui
452 2012 471 2040 a
486 1998 597 2040 nobis
615 1998 666 2039 est
681 1997 895 2052 propositus
912 1998 1021 2050 ordo,
1039 2010 1079 2040 vt
1094 2003 1169 2041 iam
1186 2000 1232 2042 de
1253 2004 1383 2042 Latina
1395 2000 1667 2053 Thucydideae
1684 2000 1857 2042 historiae
1870 2002 1994 2042 inter«

8 2078 13 2080 -
35 2059 248 2112 ‘pretatione
263 2056 443 2096 dicamus.
496 2056 622 2096 Vallae
638 2058 750 2111 igit-ur
768 2059 1115 2109 interpretationem
1134 2071 1255 2113 quum
1274 2059 1618 2110 recognoscendam
1635 2058 1788 2112 suscepi,
1815 2072 1893 2100 non
1909 2068 1991 2098 tam

40 2115 171 2155 duram
191 2127 251 2153 me
268 2115 517 2165 prouinciam,
547 2125 662 2167 quarn
681 2113 804 2165 postea
830 2124 1006 2166 expertus
1028 2114 1123 2165 sum,
1148 2114 1282 2168 cepisse
1305 2116 1525 2156 existimaui.
1585 2118 1714 2167 Quam
1732 2118 1833 2155 enim
1852 2114 1987 2155 obscu-

39 2184 103 2212 rus
119 2170 206 2210 esset
222 2168 468 2220 Thucydides
495 2178 575 2210 non
593 2183 693 2210 eram
709 2170 866 2221 nescim,
899 2184 1033 2211 verum
1059 2171 1206 2211 meliori
1228 2171 1302 2212 fide
1328 2171 1512 2212 versatum
1539 2172 1613 2212 effe
1630 2171 1770 2212 Vallam
1789 2174 1827 2212 in
1846 2172 1911 2212 illo
1927 2173 1986 2211 in-

39 2226 289 2281 terpretando,
317 2235 355 2265 et
382 2227 512 2266 omnia
536 2226 620 2266 suae
643 2229 771 2267 aetatis
795 2227 956 2278 oracula,
985 2229 1030 2267 ad
1053 2228 1263 2268 eruendum
1287 2243 1335 2269 ex
1361 2229 1629 2269 obscuriffimis
1652 2229 1869 2283 quibusque
1891 2228 1986 2267 locis

37 2284 198 2334 sensum,
226 2281 452 2324 consuluisse
477 2282 684 2324 credebam.
744 2285 934 2325 Animum
960 2287 1073 2325 etiam
1098 2284 1255 2326 addebat
1278 2285 1417 2326 Gallica
1435 2286 1582 2326 Claudii
1609 2285 1782 2338 Seyssellii
1808 2284 1984 2338 Episcopi

0 2392 2 2396 ὗ
36 2338 262 2382 Maffilienfis
291 2340 557 2392 interpretatio,
586 2353 700 2394 quam
721 2341 816 2381 mihi
842 2341 1085 2394 summopere
1100 2345 1211 2382 amici
1234 2343 1388 2397 quidam
1406 2343 1776 2384 commendauerant.
1833 2341 1904 2382 Sed
1919 2341 1985 2381 vbi

38 2398 84 2439 ad
102 2411 180 2437 rem
195 2406 351 2437 ventum
369 2397 432 2447 est,
452 2409 513 2436 me
531 2395 639 2447 συκῖνῃ
655 2396 832 2452 ἔπικουςίᾳ
848 2396 987 2438 fretum
1006 2398 1077 2438 effe
1093 2403 1278 2452 comperi.
1336 2403 1504 2440 Primum
1522 2403 1634 2447 enim,
1653 2400 1697 2440 ad
1716 2398 1858 2439 Vallam
1875 2397 1983 2453 quod

37 2457 178 2504 attinet,
202 2456 268 2494 vix
286 2453 367 2493 satis
383 2455 507 2493 mirari
525 2452 673 2504 possum
692 2453 790 2493 illius
807 2458 940 2506 partim
956 2455 1150 2502 inscitiam,
1169 2459 1305 2509 partim
1325 2457 1605 2509 negligentiam:
1632 2456 1829 2503 inscitiam,
1858 2468 1983 2510 quum

36 2513 76 2553 in
91 2509 187 2553 male
203 2509 388 2552 vertendis
403 2509 630 2566 quibusdam
647 2508 752 2559 loci8‚
772 2513 838 2565 qui
853 2511 962 2565 plane
977 2510 1112 2553 fimiles
1125 2512 1222 2563 sunt,
1249 2513 1305 2554 sui
1320 2515 1450 2568 etipse
1465 2512 1592 2555 fimitis
1609 2513 1671 2565 est,
1693 2511 1835 2568 fibique
1853 2515 1894 2553 in
1910 2511 1987 2553 suo
