2166 2777
302 81 1722 136 DVKERIPRAEFATIO.
1948 95 2002 126 rx

52 199 236 255 ingreffus
255 197 389 251 fuerat,
419 197 516 240 mihi
538 196 586 239 ab
609 195 709 238 illius
732 196 904 238 instituto
929 208 1012 238 non
1033 194 1304 246 recedendum,
1331 207 1402 235 nec
1425 192 1636 250 quidquam
1656 205 1806 244 eorum,
1836 204 1932 248 quae
1957 191 2001 232 ab

56 258 136 301 'aliis
151 270 380 310 acceperam,
410 255 668 297 omittendum
685 256 827 308 putaui.
887 256 979 294 Non
996 253 1078 294 sum
1104 253 1260 303 nescius,
1284 251 1376 303 effe,
1399 251 1538 306 quibus
1561 252 1697 290 nimiae
1715 253 1936 304 noxiaeque,
1966 258 2002 290 et

38 311 353 370 ¹prope‘miserae
376 312 592 368 diligentiae
612 311 794 361 videatur,
822 312 862 349 in
887 311 1097 365 quisquiliis
1114 310 1195 360 illis,
1225 322 1316 364 quas
1339 318 1485 362 putant,
1515 307 1738 358 colligendis
1757 309 1948 358 ingratum
1966 316 2002 347 et

59 372 168 414 taedii
185 369 344 423 plenum
361 366 639 418 laboremvelle
657 380 814 421 ponere.
858 366 930 407 Sed
944 369 995 414 hi,
1025 364 1051 406 si
1066 366 1294 418 cognoscere
1313 365 1454 416 volent,
1485 377 1582 418 quae
1598 362 1678 404 Cel.
1703 365 1901 402 Burmannm
1922 377 2002 403 non

59 433 107 471 ita
131 426 277 481 pridem
307 429 346 466 in
375 424 606 478 praefatione
629 425 757 464 lustini
783 437 873 464 cum
894 426 1002 464 variis
1015 421 1265 463 Leeiionibus
1289 422 1379 462 editi
1403 421 1534 461 diserte
1551 434 1592 460 ac
1613 419 1821 459 luculenter
1838 419 1884 460 de
1904 433 1945 460 ea
1962 433 2001 460 re

59 486 275 539 disputauit,
304 482 523 534 intelligent,
553 491 731 536 quantam
755 490 831 520 tam
859 480 947 531 leui,
971 493 1013 520 ac
1034 483 1164 532 potius
1194 478 1316 527 stulto,
1342 478 1486 518 iudicio
1511 477 1698 517 literarum
1715 476 1894 516 inscitiam
1915 490 2002 529 pro-

59 542 158 588 dant,
187 549 450 596 quantumque
472 552 520 578 ex
548 538 672 578 haere
698 535 865 577 frustum
892 550 1022 590 capere
1047 536 1198 589 poffint,
1226 538 1293 591 qui
1316 534 1454 576 re6'fflm
1480 536 1578 574 viam
1603 535 1810 586 Scriptores
1837 534 2002 573 vetustos

58 596 237 640 trastandi
254 594 426 641 infistere,
454 605 492 635 et
512 595 639 636 seuera
665 594 746 646 lege
770 596 809 634 in
837 594 963 633 studiis
983 593 1171 633 literarum
1186 591 1462 633 humaniorum
1479 590 1662 644 proficere
1678 593 1849 642 cupiunt.
1907 593 2002 642 QO

58 656 176 707 magis
200 656 354 694 miratus
385 651 467 692 sum
491 650 774 701 tenebrionem,
827 653 894 704 qui
927 663 1047 702 nuper
1072 652 1281 701 Tragicum
1304 651 1483 688 Latinum
1511 647 1625 687 illotis
1657 646 1831 687 manibus
1853 657 2003 687 contre-

58 711 174 754 &anit
188 712 237 756 ἦε“),
264 722 339 760 me,
351 721 484 763 uquem
503 711 718 748 varietatem
737 709 944 759 Scripturae
959 706 1162 746 MSStot-um
1188 704 1534 756 Thucydideorum
1555 702 1834 756 publicaturum
1861 703 1999 744 intelle-

57 777 173 817 xerat,
201 766 309 822 quod
334 775 372 805 vt
389 763 524 805 faciant
550 777 697 815 omnes,
724 762 863 818 quibus
887 763 1039 803 illorum
1061 766 1169 816 copia
1185 764 1249 813 est,
1276 765 1389 802 etiam
1414 771 1526 815 atque
1544 763 1654 801 etiam
1674 760 1844 800 hortatur
1858 773 1899 800 ac
1919 773 2004 800 mo-

5 835 8 837 “
60 834 125 867 net
142 826 356 872 Burmannus,
376 835 476 862 noua
494 834 531 861 et
548 821 757 873 excogitata
771 819 1021 874 appellatione
1038 819 1289 859 deridendum
1308 821 1508 872 propinare
1525 816 1692 857 voluisse.
1748 820 1839 858 Non
1856 816 2004 857 videbat

58 880 239 923 insulsum
257 889 380 932 caput,
407 881 470 918 cui
493 880 699 930 arrogantia
716 888 754 918 et
777 877 925 917 fiunma
944 877 991 917 de
1007 876 1045 917 se
1068 879 1204 930 opinio
1220 889 1290 929 pro
1307 876 1521 916 eruditione
1539 875 1602 920 est,
1634 873 1710 914 hoc
1729 873 1775 914 ad
1790 887 1925 914 omnes
1944 874 2006 914 ha-

59 951 147 980 rum
170 935 360 977 literarum
377 937 564 987 Principes
585 936 782 988 pertinere,
811 936 876 989 qui
895 936 1101 987 Scriptores
1125 943 1267 973 veteres
1291 932 1429 973 edituri
1448 931 1594 984 semper
1619 944 1750 982 magna
1769 944 1868 982 cura,
1894 930 2004 985 quid-

59 993 152 1051 quid
169 992 282 1033 huius
305 994 451 1045 generis
476 991 635 1031 nancisci
661 1000 844 1044 poterant,
871 989 1195 1045 conquifiuerunt,
1223 999 1260 1030 et
1285 989 1439 1042 scriptae
1455 988 1653 1042 editaeque
1676 986 1849 1028 lectionis
1867 987 2004 1029 discre-

59 1053 221 1106 pantiam
244 1048 303 1089 vel
328 1051 367 1089 in
391 1048 686 1095 commentariis,
710 1046 770 1088 vel
796 1050 835 1087 in
859 1050 1045 1087 variarum
1061 1046 1272 1087 leffionum
1297 1045 1428 1086 libellis
1443 1045 1617 1085 adcurate
1633 1044 1884 1085 adnotandam
1901 1053 2006 1097 puta-

55 1117 204 1148 verunt.
235 1109 388 1146 Horum
407 1106 618 1144 institutum
634 1107 827 1156 vituperat,
853 1118 974 1159 quum
994 1117 1056 1144 me
1079 1103 1235 1154 deridet,
1249 1110 1252 1114 ’
1266 1116 1337 1143 nec
1359 1116 1420 1142 me
1436 1104 1565 1154 magis,
1588 1115 1704 1155 quam
1720 1100 1805 1149 hos,
1824 1100 2005 1141 ridiculos

55 1162 459 1215 'facitMagistellorum
480 1160 608 1215 alph33
636 1159 743 1215 quisi
768 1160 851 1201 illos
870 1160 1044 1201 austores
1068 1160 1172 1214 sequi
1189 1159 1376 1210 voluisset,
1404 1169 1440 1199 et
1457 1158 1568 1199 bonis
1586 1158 1658 1199 suis
1682 1160 1730 1198 vti
1748 1157 1875 1206 sciffet,
1906 1158 2006 1198 mul-

60 1224 108 1262 tis
125 1220 289 1273 partibus
307 1218 517 1263 meliorem,
544 1231 658 1271 quam
675 1231 788 1263 nunc,
817 1219 998 1257 Senecam
1015 1215 1180 1257 dedisset.
1238 1216 1309 1256 Sed
1327 1215 1419 1270 quid
1445 1215 1501 1255 sui
1517 1229 1607 1255 cum
1625 1212 1858 1255 arnaracino?
1901 1214 2006 1255 Nihil

61 1278 168 1319 estin
185 1276 250 1316 illo
275 1274 451 1326 vegrandi
467 1274 575 1324 libro,
605 1287 673 1313 cur
696 1273 794 1313 illius
813 1272 938 1313 Editio
956 1275 1230 1313 Gronouianae
1254 1272 1428 1324 praeferri
1444 1270 1587 1322 debeat,
1611 1270 1677 1311 nifi
1693 1274 1777 1326 quis
1795 1281 1912 1324 putet,
1941 1269 2006 1312 fibi

11 1368 14 1371 ,
58 1335 188 1384 magni
202 1330 444 1371 aestimandas
460 1340 499 1370 et
515 1330 692 1370 emendas
708 1329 779 1370 effe
792 1327 941 1381 frigidas
958 1329 1138 1384 quasdam
1153 1331 1325 1380 argutias,
1342 1337 1379 1368 et
1397 1328 1543 1381 putidas
1563 1341 1691 1379 nugas,
1721 1328 1860 1382 quibus
1878 1327 2008 1380 paffim

61 1390 271 1432 Gronouio
291 1386 480 1440 obstrepit,
509 1395 546 1426 et
565 1387 834 1427 contentiones
857 1400 947 1426 cum
964 1387 1158 1436 Farnabio,
1185 1384 1309 1426 multo
1333 1385 1489 1439 quidem
1514 1384 1595 1437 ipso
1613 1383 1798 1435 dod'iiore,
1825 1385 1887 1425 sed
1904 1385 2009 1438 saepe

0 1458 9 1468 ‘
63 1447 167 1487 vinci
182 1458 262 1485 non
280 1443 444 1484 difficili:
470 1455 587 1498 quem
602 1442 654 1483 ob
670 1443 706 1483 id
723 1442 846 1484 solum
865 1441 930 1483 fibi
954 1443 1207 1483 aduersarium
1231 1440 1404 1494 delegisse
1426 1439 1587 1491 videtur,
1618 1451 1669 1492 vt,
1701 1439 1725 1481 fi
1743 1444 1781 1481 in
1798 1443 2008 1482 Gronouio

63 1516 144 1545 non
158 1500 290 1555 poffet,
317 1499 423 1555 quod
441 1513 511 1540 nec
526 1509 613 1540 ante
628 1503 667 1540 in
685 1499 856 1549 Bentleio
875 1509 1061 1552 potuerat,
1090 1499 1218 1540 saltem
1231 1501 1271 1539 in
1290 1498 1368 1538 hoc
1386 1496 1610 1539 debellando
1635 1496 1748 1539 heros
1764 1498 1879 1538 fieret.
1937 1498 2009 1539 Sed

63 1562 254 1600 mittamus
270 1571 374 1597 nunc
388 1555 632 1604 balatronem,
661 1570 767 1607 mox,
792 1556 854 1596 vbi
873 1557 1085 1597 institutum
1100 1556 1147 1596 de
1163 1554 1234 1597 hac
1250 1555 1419 1597 editione
1437 1554 1677 1606 Thucydidis
1691 1555 1907 1596 sermonem
1926 1568 2010 1609 per-

65 1618 265 1669 egerimus,
292 1613 472 1654 eumdem
491 1612 661 1666 pluribus
678 1626 699 1653 e
716 1610 915 1653 virtutibus
930 1613 1004 1654 suis
1022 1614 1201 1653 ornaturi.

58 1676 60 1679 '
165 1673 286 1712 Variis
301 1668 551 1710 Lestionibus
573 1668 734 1710 subiecta
760 1667 844 1710 sunt
868 1670 1001 1710 Scholia
1028 1672 1240 1722 Interpretnm
1263 1669 1464 1708 Graecorum
1490 1667 1622 1709 itidem
1647 1682 1696 1710 ex
1711 1668 1880 1710 editione
1897 1669 2008 1710 Oxo-

9 1726 12 1733 ’
66 1726 194 1778 niensi,
222 1728 294 1768 nec
317 1729 358 1767 in
381 1729 426 1768 iis
441 1726 652 1781 quidquam
678 1724 744 1766 nifi
758 1740 838 1766 vno
861 1736 926 1767 aut
948 1726 1103 1767 duobus
1120 1726 1214 1766 locis
1236 1736 1424 1766 mutatum
1452 1735 1560 1778 puto.
1618 1727 1662 1765 In
1679 1725 1738 1765 his
1764 1725 2009 1766 emendandis

66 1789 143 1828 iam
158 1783 254 1827 olim
269 1786 373 1824 Henr.
389 1783 567 1837 Stephanus
581 1782 710 1823 vtilem
729 1796 884 1836 operam
903 1784 1040 1837 posuit,
1066 1793 1105 1824 et
1129 1782 1247 1823 multa
1271 1796 1337 1836 per
1355 1782 1537 1823 inscitiam
1560 1782 1620 1822 vel
1643 1781 1906 1835 negligentiam
1925 1783 2009 1822 scri-

65 1842 212 1892 barum,
238 1842 362 1896 quiea
377 1839 499 1880 verbis
516 1837 769 1891 Thucydidis,
797 1840 843 1880 ad
860 1854 957 1895 quae
972 1854 1052 1881 non
1072 1838 1320 1893 pertinebant,
1348 1838 1751 1890 adcommodauerant,
1778 1839 1918 1879 turbata
1935 1839 2010 1879 suis

61 1898 191 1940 'verbis
206 1897 373 1938 restituit.
416 1898 498 1937 Nec
513 1898 639 1936 minus
652 1895 750 1937 bene
769 1896 816 1937 de
832 1899 876 1937 iis
894 1899 1018 1938 meriti
1043 1896 1129 1937 sunt
1146 1898 1226 1936 Viri
1242 1895 1445 1936 dodliffimi
1464 1898 1517 1937 Io.
1538 1897 1728 1949 Hucisonus,
1757 1905 1794 1936 et
1817 1898 1866 1934 Io.
1886 1897 2009 1935 Gram-

70 1957 165 2006 mius,
189 1956 297 1994 cuius
319 1955 359 1994 in
374 1966 415 1994 ea
442 1953 700 2005 castigationes
718 1956 810 1993 Viro
836 1953 961 1994 clariss.
984 1957 1036 1994 Io.
1066 1953 1143 1993 Alb.
1160 1954 1313 1993 Fabricio
1334 1951 1529 1993 debemus.
1588 1955 1644 1992 Ex
1663 1952 1719 1993 his
1738 1956 1778 1992 in
1797 1953 1877 1992 Cod.
1895 1953 2012 2005 Caffel-

61 2013 146 2052 'lano
160 2009 228 2051 alia
243 2010 384 2051 vetusta
404 2019 442 2050 et
462 2009 620 2062 eleganti
645 2023 760 2050 manu
777 2013 911 2063 partim
928 2013 1063 2057 minio,
1090 2012 1222 2063 partim
1249 2019 1472 2061 atramento,
1501 2009 1632 2062 scripta
1658 2009 1756 2060 sunt,
1784 2009 1851 2049 alia
1870 2012 2010 2050 recenti

60 2070 111 2109 ‘et
128 2077 276 2108 tantum
293 2075 512 2119 atramento,
545 2075 583 2107 et
600 2068 648 2107 ita
664 2066 809 2107 difficili
825 2077 937 2122 atque
951 2069 1117 2107 intricata
1134 2066 1322 2119 scriptura,
1352 2076 1392 2105 vt
1406 2079 1489 2106 eam
1508 2065 1737 2121 quibusdam
1753 2066 1846 2106 locis
1862 2066 2012 2121 adsequi

72 2122 247 2166 festinans
267 2124 566 2176 norspotuerim.
612 2123 684 2164 Sed
699 2126 811 2176 primi
827 2123 909 2165 libri
925 2124 1156 2165 scholiorum
1175 2136 1350 2175 magnam
1366 2133 1507 2176 partem
1523 2136 1542 2163 a
1559 2125 1692 2176 Capite
1706 2126 1873 2163 LXXXI.
1895 2136 2012 2177 vsque

73 2181 119 2222 ad
133 2180 300 2223 CXXVI.
325 2179 520 2220 cuiusdam
536 2179 633 2221 male
655 2179 773 2221 seduli
798 2194 886 2221 cura
910 2180 1021 2221 nobis
1045 2182 1184 2234 eripuit
1192 2193 1204 2228 3
1234 2182 1313 2235 qui,
1342 2180 1449 2234 quod
1465 2177 1587 2220 charta
1611 2179 1735 2220 multo
1753 2180 1819 2219 vsu
1839 2183 1919 2220 trita
1937 2183 2011 2220 iam

72 2237 249 2284 fatiscere,
274 2245 312 2276 et
335 2234 557 2277 denticulata
583 2236 664 2277 fieri
688 2247 875 2290 coeperat,
905 2250 987 2278 oras
1011 2241 1242 2290 paginarum,
1273 2239 1313 2276 in
1337 2235 1475 2291 quibus
1492 2236 1630 2276 scholia
1653 2236 1782 2289 scripta
1804 2246 1916 2281 erant,
1945 2236 2012 2276 alia

74 2294 199 2336 charta
218 2289 389 2346 impolita
411 2294 634 2344 muniuerat,
656 2306 773 2349 eaque
790 2293 954 2334 obduc'ia
973 2293 1080 2334 fimul
1096 2292 1236 2334 scholia
1256 2302 1415 2333 texerat:
1445 2307 1542 2348 quae
1559 2292 1695 2333 iauura
1715 2307 1763 2334 eo
1783 2295 1933 2344 grauior
1950 2293 2013 2339 est,

74 2349 182 2407 quod
195 2348 288 2391 liber
303 2348 363 2390 ille
387 2348 516 2389 multis
535 2348 630 2390 loc'is
648 2359 686 2391 et
705 2349 872 2391 auctiora
890 2360 928 2391 et
944 2350 1219 2401 emendatiora,
1248 2363 1363 2404 quam
1386 2350 1488 2400 editi,
1516 2348 1629 2390 habet
1653 2349 1804 2390 scholia.
1861 2351 1895 2398 E,
1908 2352 2015 2401 Regio

73 2420 232 2464 quoque
253 2403 448 2454 nonnulla,
477 2404 539 2446 sed
555 2403 633 2446 fere
646 2415 793 2455 tautum
811 2407 856 2448 ad
872 2406 1012 2448 librum
1028 2411 1053 2447 l.
1070 2418 1107 2448 et
1126 2408 1168 2445 ll.
1187 2409 1283 2446 inter
1301 2408 1415 2447 varias
1439 2405 1621 2447 lediiones
1638 2407 1814 2458 descripta
1833 2417 1948 2455 erant,
1976 2416 2017 2447 vt

5 2464 12 2467 ”
72 2463 174 2508 etad
191 2461 348 2505 eosdem
366 2464 532 2504 maxime
548 2464 589 2503 in
604 2464 813 2519 Rrstgaerdi,
843 2466 911 2520 qui
934 2463 1083 2506 Scholia
1113 2463 1202 2505 edit.
1224 2461 1411 2505 secundae
1429 2465 1478 2507 H.
1495 2463 1651 2517 Stephani
1675 2476 1765 2503 cum
1782 2465 1901 2516 Regio
1920 2477 2019 2520 quo-

154 2592 182 2627 ⁸)
202 2593 326 2620 loannem
341 2589 488 2631 Culparum
500 2591 688 2623 schroederum
704 2592 863 2633 intelligit,
884 2593 937 2633 qui
952 2592 986 2623 L.
1004 2593 1123 2624 Annaei
1137 2595 1264 2624 Senecae
1279 2592 1459 2632 Tragoedias
1478 2591 1601 2629 Delphis
1619 2601 1643 2619 a.
1663 2597 1742 2627 17:8-
1763 2600 1788 2630 4·
1810 2593 1916 2622 edidit.
1942 2630 1969 2673 b

136 2641 244 2667 ΤΟΜ.
264 2641 308 2667 11.
