2239 2818
216 75 279 115 6η

856 91 991 117 ΙΙ

750 259 1645 311 ANN'ALES

227 379 1147 452 T'HVCY

230 531 509 600 ANNALWM
521 568 643 600 nornine
656 577 717 600 non
733 577 781 601 res
797 577 910 601 tantum
926 571 1008 601 Bello
1023 569 1184 611 Peloponne-

292 608 366 645 siaco
378 610 470 650 gestas
486 612 707 650 compleffimur
717 635 724 649 ,
746 622 867 651 quarum
881 612 999 642 Annales
1015 612 1129 652 digeffit
1145 623 1184 643 ex

231 650 361 692 profess'o
388 651 580 693 Thucydides;
608 652 655 683 sed
683 663 730 685 res
752 656 819 685 alias
840 664 1028 694 quascunque,
1058 665 1183 694 quarum

232 703 319 724 annus
335 702 429 724 certus
444 705 482 724 ex
495 694 554 732 illo,
578 696 625 725 vel
642 695 765 733 aliunde,
789 695 980 736 cognoscitur,
1002 706 1124 735 quarum
1142 705 1183 726 ta-

230 745 304 816 1¹95?
320 736 374 778 ipse
388 738 575 774 meminerit,
597 739 660 775 vel,
681 737 758 768 sorte
771 747 809 768 ex
822 739 900 769 illius
918 737 1079 778 sententia,
1103 736 1182 768 Scho-

241 787 268 807 ια
293 786 328 808 es.

273 819 387 851 Period.
403 819 454 850 lul.
473 829 562 860 34²4·
586 823 654 852 Ant.
671 819 775 860 Christ.
793 830 882 862 1290.
923 821 1044 853 Reditus
1060 821 1183 852 Heracli-

233 861 334 892 aarum
349 863 458 901 primus
472 862 573 892 frustra
587 871 724 894 tentatus.
761 865 856 895 Annis
871 872 940 895 ante
954 864 1080 894 reditum
1088 863 1183 904 secun·

233 904 298 934 dum
313 913 440 941 centum,
462 913 530 934 ante
544 905 691 935 excidium
704 905 802 935 Troiae
815 907 926 947 viginti.
958 905 1044 937 Schol.
1058 906 1181 948 Thucyd.

231 946 269 976 ad
283 949 313 977 L.
329 957 349 976 1.
368 955 414 978 12.
459 947 560 978 Multis
578 948 724 978 iuniorum
740 949 882 979 Veterum
901 949 928 978 ir
950 959 986 979 eo
1003 947 1181 990 suffraganti-

232 989 296 1020 bus.
339 991 374 1019 Et
391 987 448 1026 ipso
466 990 553 1019 etiarn
572 989 714 1019 Herodoto
730 1000 775 1020 ix.
794 992 842 1024 26.

272 1033 336 1060 Per.
365 1029 413 1060 lul.
438 1039 526 1072 3444.
548 1035 616 1062 Ant.
640 1031 740 1070 Christ.
763 1041 850 1071 1270.
893 1032 1046 1063 Excidium
1066 1032 1181 1069 Troiae,

231 1082 287 1113 pro
302 1072 463 1104 rationibus
484 1072 665 1114 Thucydidis,
689 1074 709 1104 fi
725 1075 843 1113 quidem
861 1074 965 1105 eaedem
984 1077 1051 1105 illae
1072 1074 1181 1105 fuerint

233 1124 299 1145 cum
322 1115 481 1145 rationibus
502 1114 647 1145 Herodoti.
690 1119 762 1146 Nam
786 1127 802 1146 a
827 1117 911 1146 Troia
931 1127 1013 1156 capta
1035 1117 1069 1146 ad
1085 1117 1181 1146 Home-

231 1166 296 1187 rum
316 1159 380 1194 168.
395 1167 488 1187 annos
503 1159 669 1189 numerauit
685 1158 850 1189 Herodotus.
892 1159 939 1190 Ab
950 1159 1069 1188 Homero
1082 1167 1181 1189 autern

231 1199 269 1230 ad
292 1200 397 1229 Xerxis
418 1197 565 1238 διάβασιν
588 1211 678 1230 annos
702 1202 772 1233 622.
824 1201 918 1233 quffi
941 1202 1071 1231 inuicem
1093 1199 1181 1231 confi—

233 1242 315 1272 ciunt
337 1252 427 1272 annos
449 1242 479 1272 in
502 1241 664 1272 vniuerl'um
679 1251 750 1283 790.
793 1242 925 1274 Herodot,
948 1244 1003 1272 Vir.
1024 1243 1134 1272 Homer.
1150 1244 1181 1272 in

225 1282 291 1323 fine.
334 1285 465 1315 Traiecit
482 1284 589 1314 Xerxes
603 1284 803 1325 Hellespontum
812 1286 963 1317 Archonte
983 1284 1111 1314 Calliade.
1130 1285 1183 1314 He-

231 1326 323 1355 rodot.
337 1336 409 1356 vni.
427 1334 475 1365 51.
519 1327 610 1358 Cuius
621 1328 806 1367 Magistratus
821 1328 921 1358 incidit
935 1328 964 1356 in
977 1327 1079 1368 Olymp
1098 1328 1141 1367 ἓξ.
1155 1328 1182 1364 ξ.

232 1378 287 1408 pro
317 1368 419 1398 nostris
444 1369 613 1400 ratiombus.
663 1370 758 1400 Priori
785 1378 884 1399 autem
908 1370 1090 1409 Anniparte
1117 1378 1181 1399 erat

231 1409 388 1448 διάβασις.
430 1412 532 1450 ltaque
548 1411 738 1442 detrahantur
759 1421 776 1441 e
796 1411 945 1452 praediRO
968 1421 1093 1442 numero
1113 1411 1180 1450 (pro

234 1451 446 1493 olympiadibus
462 1455 526 1493 74.)
540 1455 606 1482 anni
620 1456 697 1494 2963
719 1455 823 1494 reliqui
837 1461 923 1484 erunt
936 1462 1005 1493 494.
1020 1464 1075 1493 pro
1091 1453 1180 1483 inter-

234 1496 309 1525 vallo
338 1496 414 1525 inter
444 1496 557 1525 cladem
589 1496 738 1525 Troianam
766 1497 950 1536 primamque
981 1494 1181 1536 Olympiadem.

233 1539 328 1577 Prima
342 1537 485 1578 Olympias
498 1538 556 1567 aeia
570 1538 610 1569 est
625 1549 703 1569 anno
716 1538 832 1568 Periodi
840 1537 960 1567 Iulianae
972 1542 1060 1578 3938.
1098 1537 1182 1574 Inde,

233 1578 254 1610 fi
270 1589 425 1609 numerum
441 1579 618 1619 praediolum
634 1589 703 1620 494.
721 1580 949 1616 detraxerimus,
972 1579 1114 1619 supererit
1133 1590 1183 1609 an·

236 1632 290 1653 nus
313 1622 424 1652 Perit-di
444 1622 566 1651 Iulianae
581 1634 595 1652 a
612 1625 697 1653 nobis
715 1623 896 1663 designatus,
919 1632 978 1661 quo
994 1622 1077 1652 ‘R-oia
1093 1621 1183 1652 suerit

233 1663 333 1701 excisa.
376 1666 413 1694 Et
428 1663 494 1695 saue
508 1675 664 1694 numerum
680 1666 850 1696 Curionibus
861 1665 1014 1696 chronicis
1023 1662 1182 1702 Eratosthe-

235 1708 280 1736 nis
294 1716 323 1736 et
335 1706 498 1746 Apollodori
508 1709 647 1737 maiorem
663 1709 786 1747 exigunt
800 1708 927 1738 rationes
942 1706 1026 1747 ipfius
1038 1706 1183 1742 Herodoti,

236 1748 306 1779 dum
324 1759 340 1777 a
355 1749 427 1777 Ptine
437 1749 574 1788 Penelopes
588 1749 647 1780 filio
663 1750 698 1779 ad
715 1750 789 1779 suam
804 1758 922 1778 actorem
936 1758 1027 1779 annos
1044 1757 1182 1779 numerat

212 1790 295 1834 >fere
314 1791 493 1831 offingenms,
525 1788 598 1824 ε”τεκ
619 1789 706 1824 κατ-αὶ
724 1790 897 1825 ὀκτακόσια
918 1788 1052 1834 μάλιςα.
1095 1791 1182 1821 Hero-

237 1833 294 1863 dot.
311 1842 344 1863 11.
369 1841 436 1872 145.
481 1833 563 1862 Panis
584 1834 712 1863 natalem
733 1833 814 1873 paulo
833 1834 1009 1874 posteriorem
1032 1833 1100 1863 facit
1121 1831 1181 1872 ipso

236 1874 311 1906 Bello
332 1875 458 1905 Troiano.
501 1875 616 1912 Decem,
646 1884 675 1905 vt
695 1876 825 1911 videtur,
853 1877 951 1912 annis,
983 1884 1048 1905 cum
1070 1875 1183 1905 rediret

242 1916 360 1958 Vlyffer,
383 1918 477 1956 procis
495 1917 639 1956 Penelopen
663 1918 873 1955 ambientibus,
900 1927 1026 1957 quorum
1050 1918 1182 1947 omnium

233 1959 321 2000 filium
339 1969 528 1989 communem
537 1962 641 1990 Poetae
650 1960 749 1989 Panem
765 1959 881 1995 faciunt,
905 1968 934 1990 et
947 1958 1072 1998 proinde
1082 1960 1183 1989 Panem

238 2002 423 2042 appellatum.
467 2002 508 2030 lta
530 2002 706 2031 numerandi
728 2001 838 2041 suerint
858 2002 893 2031 ab
916 2000 1035 2030 Excidio
1062 2001 1184 2030 Troiano

238 2043 298 2085 ipso
314 2044 348 2073 ad
367 2042 538 2073 Herodotum
552 2044 621 2073 anni
636 2045 667 2073 in
682 2041 846 2073 vuluersum
865 2040 933 2081 gib.
976 2043 1182 2080 Detrahantur,

237 2096 291 2126 pro
310 2085 480 2117 Canonibus
502 2083 660 2115 chronicis.
683 2086 751 2114 anni
766 2094 835 2124 407.
856 2086 892 2114 ad
906 2086 1028 2125 primam
1044 2084 1184 2125 Olympia-

237 2127 305 2159 dem.
355 2128 506 2166 Super-erit
529 2137 623 2158 annun
645 2126 768 2167 Iphiteus
787 2134 889 2167 40311³.
941 2126 1050 2167 Olymp.
1072 2135 1140 2158 101.
1155 2136 1183 2166 3.

238 2180 297 2209 quo
312 2169 415 2199 vixerit
431 2168 604 2205 Herodotus,
623 2169 700 2208 quod
716 2177 828 2199 certum
848 2168 889 2199 est
903 2167 986 2198 fuiss‘e
1001 2168 1182 2198 falfiffimum.

237 2211 431 2249 Quadi-abunt
455 2220 551 2240 autem
572 2209 633 2241 satis
653 2210 810 2241 commode
830 2211 943 2247 omnia,
971 2210 1007 2245 fi,
1030 2220 1082 2250 pro
1101 2221 1179 2250 prae·

236 2253 317 2283 diuis
332 2251 501 2290 rationibus,
524 2253 661 2292 procedat
680 2251 849 2292 supputatio.
893 2253 1017 2283 Reieffls
1037 2253 1116 2282 enim
1133 2263 1179 2282 an-

235 2297 281 2327 nis
294 2304 364 2335 494.
383 2305 476 2324 annus
491 2294 607 2324 restabit
625 2293 750 2334 Iphiteus
767 2296 834 2335 326.
850 2304 960 2333 nempe
976 2294 1085 2335 Olymp.
1102 2299 1180 2331 82³².

235 2347 329 2368 annus
343 2335 476 2377 secundus
492 2335 689 2366 conferendus
705 2347 769 2366 cum
786 2344 881 2367 aetate
896 2335 1046 2372 Herodoti,
1068 2336 1181 2366 aduen-

234 2386 326 2419 tuque
346 2381 408 2409 eius
425 2379 454 2408 in
471 2379 637 2419 Aegyptum.
683 2380 798 2418 Nempe
817 2386 930 2419 praeter
946 2387 1071 2417 propter.
1113 2380 1179 2408 Hoc

231 2423 312 2452 enim
333 2421 428 2451 innuit
450 2429 505 2450 vox
528 2418 665 2449 Herodoti
686 2419 815 2461 μα’λιςα.
856 2419 981 2450 Proinde
1003 2421 1082 2450 inter
1102 2430 1179 2449 mor·

230 2471 291 2493 tem
308 2464 429 2492 Cimonis
442 2461 483 2491 Ol.
503 2465 549 2498 82.
563 2471 590 2501 4.
606 2471 637 2492 et
651 2463 796 2491 coloniam
811 2460 981 2491 Thuriorum
990 2461 1127 2491 Athenien
1139 2471 1179 2492 em

229 2504 274 2536 01.
293 2510 339 2545 84.
358 2514 382 2536 1.
400 2506 430 2535 in
448 2505 607 2545 Aegyptum
628 2505 744 2534 venerit
760 2503 932 2545 Herodotus,
955 2511 988 2536 et
1009 2502 1066 2536 ossa
1086 2504 1178 2544 interf

254 2574 285 2608 ι)
303 2573 390 2599 Ln'irt.
406 2573 553 2599 Democrit.
568 2572 599 2598 1..
617 2579 660 2599 rx.
675 2579 704 2598 n.
719 2578 765 2606 4¹.

1231 386 1369 460 “D
1446 387 1548 453 'I
1669 386 1768 453 'D
1880 390 1975 453 'E
2107 389 2170 457 Ἰ.

1223 570 1369 603 fedatum
1384 581 1451 603 cum
1463 570 1627 602 Achaemene
1639 572 1701 603 filio
1712 571 1808 608 Darii,
1832 571 1876 604 Ol.
1892 580 1943 614 79.
1959 582 1987 606 2.
2001 574 2042 605 ibi
2057 574 2172 607 viderit.

1225 614 1358 645 Herodox.
1377 623 1445 646 111.
1463 623 1510 646 12.
1555 615 1617 644 Nec
1637 616 1721 645 aliter
1739 613 1925 655 Thucydidem
1945 615 2060 647 senfiffe
2079 617 2174 648 verifi-

1225 657 1381 687 millimum
1402 657 1459 691 est,
1486 656 1535 696 qui
1550 665 1580 687 et
1602 657 1631 686 in
1646 656 1709 686 aliis
1725 656 1852 696 sequitur
1865 658 2037 688 Herodotum
2053 670 2068 688 a
2083 659 2174 689 Iunio-

1225 708 1288 727 rum
1305 697 1447 729 sententia
1461 699 1624 728 -admodum
1645 700 1894 738 discrepantibtis;
1917 709 1947 730 et
1965 702 2014 740 qui
2032 700 2080 731 diu
2095 702 2174 732 vixe-

1226 742 1264 770 rit
1278 749 1347 771 ante
1360 741 1572 771 Grammaticos
1591 739 1786 781 chronologos,
1808 750 1838 771 et
1852 742 1990 773 Canones
2006 744 2172 774 eorundem

1226 781 1387 813 Chronicos.
1430 785 1495 813 Hoc
1513 792 1588 823 ergo
1609 781 1730 822 spatium
1749 782 1911 822 prodamus
1932 783 1974 814 est
1994 785 2070 815 inter
2092 787 2172 816 exci-

1225 824 1305 855 dium
1319 825 1475 854 Troianum
1485 827 1669 865 primamque
1678 823 1987 865 Olympiadem,1quam
1999 825 2087 857 fuerit
2101 827 2172 858 illud

1226 867 1369 896 Canonum
1393 865 1600 897 chronicorum.
1649 867 1825 897 comnenus
1847 866 2022 906 sequebatur
2047 878 2172 900 coaeum

1228 908 1387 950 Thucydidi
1411 909 1439 941 a)
1456 908 1649 946 Democritus,
1681 909 1730 948 qui
1753 919 1845 940 annos
1862 910 1898 939 ab
1916 910 2031 940 excidio
2051 911 2171 940 Τνσιάηο

1224 951 1259 981 ad
1274 951 1304 991 se
1325 952 1490 981 numerauir
1511 951 1716 980 tantummodo
1729 959 1799 990 730.
1822 951 1873 981 nisi
1894 951 1971 982 forte
1993 961 2021 982 et
2043 962 2169 983 numero

1223 992 1344 1022 rotundo
1363 992 1395 1024 fit
1414 991 1490 1030 vsus,
1520 1001 1550 1023 et
1572 992 1608 1022 ad
1626 991 1707 1022 suum
1729 995 1933 1024 numerauerit
1953 995 2092 1026 duntaxat
2111 994 2169 1024 Na-

1223 1034 1314 1065 talem.

1308 1079 1399 1117 Argos
1416 1074 1649 1116 Amphilochicum
1665 1076 1794 1107 condidit
1809 1077 1904 1107 redux
1924 1087 1941 1107 a
1958 1077 2043 1107 Troia
2056 1075 2171 1118 Amphi-

1222 1118 1316 1149 lochus
1331 1117 1496 1159 Amphiarai
1506 1118 1590 1157 filius.
1637 1117 1761 1159 Thucyd.
1778 1127 1822 1150 11.
1837 1121 1888 1155 68.

1265 1164 1327 1192 Per.
1351 1161 1401 1190 Iul.
1424 1170 1514 1201 3504.
1541 1163 1609 1191 Ant.
1634 1160 1736 1197 Christ.
1759 1169 1848 1193 1210.
1896 1163 2009 1201 Nempe
2021 1161 2170 1202 sexaginta

1222 1205 1303 1233 annis
1323 1203 1358 1233 ab
1380 1202 1500 1233 Excidio
1523 1204 1657 1237 Troiano,
1688 1202 1795 1232 Boeotii
1811 1204 1888 1231 Arne
1908 1205 1978 1242 pulli
2000 1215 2016 1234 a
2035 1202 2179 1243 Tle‘ffah'f».

1224 1256 1292 1276 eum
1309 1255 1426 1285 agrum,
1448 1246 1497 1284 qui
1518 1254 1605 1275 antea
1620 1244 1769 1280 cadmeas,
1791 1245 1826 1274 ab
1840 1243 1901 1284 ipfis
1919 1240 2170 1285 posteaBoeodus,
2212 1263 2218 1270 ι

1224 1287 1439 1328 appellabatur,
1463 1288 1656 1317 incoluerunt.
1704 1286 1827 1328 Thucyd.
1850 1296 1874 1318 1.
1896 1297 1941 1319 12.

1267 1332 1330 1360 Per.
1357 1328 1407 1359 Iul.
1429 1338 1519 1369 3524.
1549 1333 1615 1360 Ant.
1640 1328 1743 1367 Christ.
1771 1338 1859 1367 1-190.

1229 1371 1363 1401 Troianae
1397 1371 1573 1412 ossogesimo
1604 1371 1765 1400 Heraclidae
1794 1370 2003 1412 Peloponnesum
2034 1381 2170 1402 tenuere.

1228 1412 1349 1455 Thucyol.
1375 1422 1401 1446 1.
1427 1423 1472 1445 12.
1522 1413 1652 1452 spatium
1676 1414 1711 1443 ab
1740 1414 1840 1444 Excid.
1867 1414 1985 1443 Troiano
2015 1413 2170 1453 receptiffi-
2203 1414 2211 1442 ἓ

1222 1466 1303 1486 mum
1319 1455 1368 1494 est,
1390 1455 1442 1486 nili
1460 1455 1536 1486 illius
1551 1454 1665 1485 Excidii
1680 1456 1826 1494 Epocham
1842 1456 1926 1487 aliter
1940 1453 2077 1487 statuiffet
2097 1453 2174 1487 Thu·
2212 1487 2216 1492 ,

1222 1508 1234 1528 c
1258 1497 1344 1528 dides.

1235 1509 1328 1570 yPer.
1348 1539 1399 1570 Iul.
1422 1539 1515 1581 3593.
1543 1541 1613 1569 Ant.
1635 1538 1703 1570 Chr.
1727 1540 1820 1580 1115.
1862 1541 1977 1579 Nempe
1997 1540 2080 1569 annis
2101 1541 2169 1571 ante

1224 1581 1354 1612 decimum
1364 1581 1477 1620 sextum
1490 1582 1562 1611 Belli
1581 1580 1790 1621 Peloponnefiaci
1803 1592 1911 1611 annum
1927 1582 1990 1621 (qui
2006 1582 2091 1623 4293.
2107 1590 2170 1612 erat

1226 1624 1339 1656 Pcriod.
1361 1623 1413 1653 lul.
1438 1623 1480 1653 01.
1495 1624 1593 1664 {si-3)
1612 1623 1804 1664 septingentis,
1835 1625 1944 1655 Ciuitas
1966 1623 2117 1653 Meliorum
2138 1624 2170 1654 in

1224 1665 1303 1696 Melo
1318 1665 1411 1696 lnsula
1433 1666 1557 1696 condita.
1599 1664 1720 1706 Thucyd.
1737 1676 1761 1695 v.
1781 1675 1846 1697 112.
1891 1665 2017 1705 Eusebius
2037 1666 2170 1696 eiusdem

1225 1708 1313 1739 Vrbis
1330 1709 1477 1749 originem
1495 1707 1531 1737 ad
1549 1706 1634 1737 Num.
1650 1706 1728 1737 suum
1745 1707 1837 1738 refert
1853 1717 2019 1738 anxxix.
2034 1709 2092 1747 qui,
2115 1716 2169 1746 pro

1223 1751 1302 1782 iilius
1318 1751 1487 1787 rationibus,
1510 1750 1655 1788 antiquior
1672 1749 1713 1779 est
1725 1748 1783 1788 ipsa
1798 1749 1885 1780 cladis
1904 1749 2036 1779 Troianae
2050 1748 2168 1788 Epocha

1225 1794 1310 1823 annis
1325 1793 1394 1832 246.
1435 1793 1477 1821 lta
1491 1800 1623 1831 pugnant
1643 1791 1771 1821 inuicem
1786 1791 1889 1821 horum
1908 1790 2167 1831 antiquissimorum

1224 1844 1390 1874 temporum
1407 1833 1527 1862 Graecae
1540 1833 1739 1863 Traditiones.

1267 1879 1330 1908 Per.
1349 1875 1398 1906 Iul.
1416 1878 1503 1915 368ῐ.
1537 1878 1616 1906 Ante
1631 1873 1696 1907 Chr,
1717 1882 1806 1914 1033.
1839 1873 1983 1905 Nimirum
1999 1874 2083 1904 annia
2098 1882 2169 1906 nme

1224 1919 1347 1959 primam
1363 1919 1530 1947 Graecorum
1550 1918 1579 1947 in
1594 1917 1687 1947 Sicilia
1709 1918 1854 1947 coloniam
1873 1916 2004 1954 Naxum,
2031 1917 2170 1954 trecentis,
2208 1955 2211 1958 Α

1224 1959 1333 1991 Siciliae
1356 1970 1465 1989 nomen
1489 1970 1504 1989 a
1525 1958 1622 1989 Siculis
1643 1958 1726 1990 Italia
1746 1959 1883 1989 oriundis.
1930 1958 2053 2000 Thuryd.
2077 1967 2121 1990 vt.
2139 1968 2168 1991 2.

1224 2003 1291 2033 Vid.
1307 2001 1382 2032 infra
1400 2002 1509 2043 Olymp.
1525 2011 1572 2032 xl.
1590 2011 1616 2042 3.

1269 2047 1331 2074 Per.
1353 2043 1403 2073 Iul.
1419 2053 1510 2083 3910.
1533 2048 1599 2077 Ant.
1616 2041 1684 2073 Chr.
1703 2047 1770 2083 804.
1804 2040 1886 2081 ,Ἐτη
1909 2040 2033 2085 μάλιςα
2055 2053 2170 2091 ''⁵79⁸''

1224 2084 1317 2119 κόσιω
1335 2085 1389 2118 καὶ
1407 2085 1501 2128 ὀλίγῳ
1521 2086 1641 2123 πλείω,
1670 2094 1737 2114 ante
1750 2084 1839 2114 finem
1857 2086 1928 2114 Belli
1948 2084 2169 2125 Peloponnesiaci,

1226 2128 1428 2157 Lacedaemonii
1440 2129 1543 2157 eadem
1558 2127 1744 2166 Reipublicae
1758 2126 1998 2156 administrandae
2014 2127 2107 2156 forma
2122 2125 2168 2157 νῆ.
2195 2127 2204 2131 ”

1229 2169 1352 2211 Thucyd.
1371 2179 1394 2202 1.
1411 2174 1456 2207 18.
1497 2170 1574 2199 Finis
1585 2171 1655 2199 Belli
1670 2167 1878 2208 Peloponnefiaci
1890 2167 1930 2198 01.
1941 2169 1983 2209 ἐξ.
1992 2168 2017 2205 ²1²·
2050 2169 2168 2206 Nempe

1223 2223 1300 2242 anno
1316 2211 1423 2252 Iplziteo
1437 2220 1505 2251 372.
1523 2214 1583 2241 Per.
1603 2210 1653 2241 lul.
1671 2219 1761 2250 4310.
1805 2211 1892 2247 Inde,
1916 2210 1934 2239 fi
1948 2211 2018 2239 anni
2033 2219 2103 2249 ⁴00-
2118 2209 2168 2242 de-

1222 2263 1354 2291 mantur,
1379 2263 1470 2283 annus
1486 2254 1540 2283 erit
1559 2255 1620 2283 Per.
1638 2252 1687 2283 Iul.
1702 2261 1793 2291 3910.
1836 2254 1883 2283 Sic
1894 2253 1987 2291 prima
2003 2251 2168 2292 Olympiade

1222 2296 1305 2326 annis
1320 2301 1367 2332 28.
1385 2296 1529 2335 antiquior
1544 2294 1634 2326 fuerit
1652 2295 1814 2336 Lycurgus,
1838 2296 1883 2324 vel
1899 2294 1983 2332 paulo
2000 2295 2085 2324 etiam
2106 2295 2168 2324 for.

1221 2336 1290 2368 tasse
1309 2337 1443 2378 pluribus.
1493 2339 1557 2367 Hoc
1587 2338 1694 2366 docent
1715 2336 1801 2365 verba
1820 2336 1914 2371 iliius,
1942 2335 2036 2379 ἑλίγῳ
2056 2337 2166 2369 πλείω.

1220 2381 1302 2410 Haec
1322 2387 1403 2409 certe
1425 2379 1540 2408 viderur
1560 2377 1644 2408 fuisse
1665 2377 1808 2408 sententia
1825 2375 1995 2418 Thucydidis
2018 2378 2056 2407 de
2069 2385 2166 2408 aetate
2191 2392 2204 2395 -

1222 2421 1360 2462 Lycurgi,
1381 2420 1418 2450 de
1432 2431 1488 2460 qua
1504 2420 1648 2451 Veterum
1664 2419 1826 2450 sententiae
1844 2418 1944 2448 multae
1959 2427 2057 2455 erant,
2078 2427 2165 2459 atque

1220 2464 1348 2493 inuicem
1370 2461 1561 2501 diuerfiffimae.
1605 2462 1670 2492 Non
1688 2461 1730 2492 est
1747 2471 1819 2501 ergo
1836 2470 1888 2490 cur
1908 2460 1945 2490 ad
1962 2471 2063 2491 earum
2080 2470 2163 2491 vnum
2212 2493 2215 2495 ,

1219 2506 1347 2547 aliquam
1370 2503 1541 2548 Thucydidis
1565 2502 1738 2537 sententiam
1766 2504 1927 2545 exigamus.
1980 2503 2081 2535 Potius
2109 2512 2163 2545 pro

1913 1332 2001 1361 Anno
2030 1329 2170 1375 Epochae
2214 1332 2220 1340 '
