2166 2777
137 68 337 102 xxxvm
590 46 882 96 IOANNIS
940 45 1263 94 HVDSONI
1317 45 1717 93 PRAEFATIO

144 168 265 220 ripun,-
293 164 352 203 hac
368 169 469 201 tamen
489 161 565 200 boni
578 161 755 212 interpretis
769 159 841 198 dote
861 173 926 198 meo
942 158 1058 198 iudicio
1070 157 1290 210 superior'illo
1307 156 1565 206 eratAEmilius,
1594 155 1685 209 quod
1699 155 1826 195 Graeca
1832 153 1918 207 satis
1936 155 2088 194 intricata

146 232 175 262 et
184 222 342 276 perplexa
360 221 472 258 ordine
487 218 668 258 dilucidiori
683 223 835 268 exponat,
860 223 889 254 et
913 215 1046 269 obscura
1062 216 1126 253 luce
1144 218 1261 254 maiori
1277 214 1471 266 perfundat.
1531 216 1581 252 Hi
1592 213 1668 266 fere
1682 214 1774 266 sient,
1802 213 1857 265 qui
1882 219 1981 250 totum
1999 211 2090 250 Thu-

147 280 290 333 cydidem
305 281 337 316 in
352 278 493 326 linguam
507 277 655 314 Latinam
680 273 925 327 traiistulerunt:
951 274 1074 321 caeteri,
1093 273 1215 324 quibus
1233 286 1299 309 cum
1317 271 1498 323 Thucydide
1524 284 1571 308 res
1594 277 1674 318 erat,
1702 270 1862 307 orationes
1882 268 2004 321 aliquot
2023 268 2091 322 fibi

149 337 299 387 delegere,
329 335 360 371 in
381 333 492 386 quibus
511 331 708 370 elaborarent
715 346 730 371 ;
758 336 814 367 aut
839 328 1076 380 descriptionem
1100 328 1239 382 aliquam
1262 328 1472 381 infigniorem,
1500 329 1532 365 in
1559 340 1622 379 qua
1648 341 1753 364 eorum
1776 340 1874 377 opera
1895 324 2092 376 enitesceret,-

152 396 264 433 horum
279 394 311 429 in
329 404 455 428 numero
478 387 617 440 cenflendi
637 386 718 439 nsinit
734 387 796 424 viri
811 386 993 424 eruditionis
1012 386 1102 424 laude
1117 385 1174 440 sui
1191 384 1292 439 ficuli
1302 385 1470 438 principes,
1498 383 1597 432 Casti,
1622 384 1867 433 Camerarius,
1896 383 2093 431 Camenas,

153 448 340 493 Paulinus,
369 447 550 490 Veratius,
581 450 609 482 et
634 446 683 483 H,
701 441 921 496 Stephanus.

259 561 418 601 Hanenus
441 559 477 597 de
501 560 553 604 iis,
579 571 715 612 quorum
739 570 815 595 cina
837 564 865 595 et
888 556 1043 607 industria
1059 556 1240 608 perpolitus
1266 555 1312 594 ad
1335 568 1443 594 manus
1465 555 1587 608 nostras
1601 553 1723 592 deuenit
1744 552 1947 605 Thucydides.
2007 550 2099 602 Quid

156 620 230 673 post
245 626 293 656 tot
308 618 443 670 illustria
458 619 584 654 uomina
605 614 786 652 contulerim
809 614 888 667 ipse,
912 614 1027 665 paucis
1046 615 1164 664 accipe.
1195 609 1198 612 ’
1223 613 1263 650 In
1281 619 1368 650 textu
1385 611 1586 663 exprimendo
1607 612 1707 659 (cuius
1721 610 1797 648 mihi
1808 611 1915 662 prima
1927 607 2001 661 fuit
2020 620 2098 645 cura

158 685 187 715 et
202 673 432 728 antiquiffima)
449 673 494 711 ad
500 672 655 724 Stephani
670 671 832 709 editionem
842 671 1052 723 posteriorem
1069 671 1143 708 haec
1159 669 1267 722 nostra
1285 668 1488 721 conformata
1504 669 1568 721 estu·
1597 668 1690 719 idque
1706 673 1797 704 tanta
1800 666 1874 719 fide
1889 672 1918 703 et
1933 664 2096 713 religione,

160 742 194 772 vt
217 734 273 770 vix
296 732 392 768 latum
411 742 544 778 unguem
567 728 608 767 ab
628 741 664 765 ea
692 727 894 778 disccfferim:
918 736 1025 766 eorum
1048 725 1220 781 officiosam
1240 727 1361 778 procul
1382 723 1494 763 liabens
1510 724 1714 775 diligentiam,
1737 725 1794 775 qui
1809 721 1906 760 verba
1920 718 2115 760 Auttlorumv

160 789 333 828 ditiaioria
351 787 474 824 licentia
488 786 669 838 plerumque
685 785 717 821 in
734 785 864 822 deterius
879 785 1053 829 immutant,
1081 791 1110 821 et
1118 782 1321 835 fiisgniciones
1335 781 1414 834 scias
1428 795 1492 833 pro
1507 782 1654 830 genuinis
1673 782 1871 831 Scriptorum
1888 777 1976 816 ditiis
1993 778 2100 815 vendi-

162 853 234 885 tant
257 852 285 883 et
305 842 468 881 inculcant.
531 839 658 890 Verum,
687 840 859 892 vbicunque
884 840 1066 892 Stephanus
1084 839 1144 892 seu
1173 840 1313 876 codicum
1336 839 1612 886 miggerianorum
1637 836 1801 888 (utputo)
1820 836 2021 884 attendente,
2039 832 2101 885 seu

164 902 281 942 iudicio
298 900 375 953 suo,
404 913 466 952 quo
481 898 605 936 valebat
623 898 786 942 acerrimo,
802 896 972 951 subnixus,
999 896 1124 948 aliquid
1147 894 1324 944 innwdrit,
1351 908 1394 943 ac
1403 894 1444 931 ab
1462 894 1596 933 editione
1611 893 1734 932 Aldina
1749 893 1851 930 aliaue
1875 892 1988 944 quouis
2004 903 2101 928 reces-

156 959 248 1014 serit,
278 964 423 996 accurate
447 955 542 994 verba
564 953 636 1008 ipsa
650 953 835 1007 subnotaui.
896 953 1024 992 Codices
1039 954 1132 991 etiam
1156 951 1260 992 MSS.
1285 965 1364 1004 qnos
1388 964 1574 1002 compmare
1594 950 1790 1002 undecunque
1807 948 1904 997 licuit,
1929 947 2102 998 handper-

160 1015 325 1070 fimiiorie
347 1013 456 1065 relegi,
484 1019 512 1050 et
537 1025 604 1050 cnm
630 1010 748 1064 excufis
774 1023 820 1054 ea,
845 1023 910 1063 qua
931 1024 998 1062 par
1023 1010 1077 1063 est,
1102 1009 1266 1058 diligentia
1286 1008 1411 1046 contuli.
1472 1008 1618 1045 Codicem
1633 1020 1731 1048 vnum
1754 1005 1844 1054 mihi,
1872 1019 1940 1042 cum
1963 1006 2104 1055 primam

170 1073 259 1125 operi
276 1085 400 1109 manum
416 1070 623 1117 admonerem,
635 1066 866 1119 fiippeditabat
883 1065 1082 1106 Bibliotheca
1100 1066 1141 1104 N
1140 1065 1344 1117 orfolciana3
1362 1065 1460 1103 alium
1474 1063 1673 1102 Bibliotheca
1690 1062 1824 1111 Collegii
1841 1062 1997 1113 Corporis
2012 1061 2106 1099 Chri-v

161 1131 194 1184 st
200 1133 211 1168 i
221 1132 329 1168 Oxou.
349 1125 604 1179 qniClaymondi
615 1125 717 1175 primi
727 1123 893 1176 praesidis,
920 1124 983 1161 viri
996 1123 1054 1173 suo
1069 1136 1147 1161 aeuo
1164 1122 1360 1166 celeberrimi,
1382 1121 1455 1158 olim
1460 1121 1762 1172 'siceram-tertium,
1787 1119 1844 1172 qui
1861 1119 2020 1156 conciones
2033 1124 2104 1155 tan·

168 1195 234 1225 tum
252 1182 471 1234 compleffitun
497 1182 693 1219 Bibliotheca
711 1181 820 1232 nostra
838 1180 1053 1228 Barocciana,
1080 1178 1270 1219 Bodleianae
1280 1191 1359 1228 pars
1373 1191 1435 1213 non
1459 1176 1622 1227 ignobilis.
1651 1185 1658 1187 ’
1684 1177 1859 1229 Postquam
1884 1181 1987 1213 autem
2009 1175 2104 1211 editio

170 1244 243 1281 haec
261 1256 300 1279 no
293 1241 370 1294 stra
381 1252 482 1291 paene
499 1238 545 1275 ad
558 1236 734 1276 umbilicum
746 1236 902 1287 perdutta
913 1236 992 1288 effet,
1019 1235 1096 1274 duos
1109 1249 1212 1287 porro
1230 1234 1368 1272 melioris
1383 1241 1474 1270 notae
1491 1233 1608 1270 codices
1623 1246 1681 1284 ope
1695 1234 1837 1270 virorum
1855 1229 2107 1281 amiceffimorum

170 1298 368 1338 obtinebam:
394 1309 485 1333 vizzcm
507 1308 548 1332 ex
569 1292 801 1344 iiistruiiiffima
816 1291 1012 1330 Bibliotheca
1036 1290 1241 1343 illustriffimi‚
1275 1303 1314 1327 ac
1337 1289 1508 1327 eruditione
1529 1303 1591 1326 non
1606 1291 1705 1326 mimis
1719 1301 1814 1340 quam
1829 1286 1983 1324 natali-um
2001 1285 2107 1338 splen-

172 1358 248 1395 dore
264 1356 354 1404 longe
372 1351 562 1402 nobiliffimi,
588 1350 722 1388 Henrici
741 1349 872 1387 Comitis
890 1348 1136 1387 Clarendoniae:
1164 1347 1296 1385 alterum
1315 1349 1380 1398 pro
1385 1345 1548 1398 singulari
1556 1343 1622 1398 sua
1637 1345 1840 1395 humanitate,
1864 1350 2053 1394 conatusque
2069 1343 2110 1380 li-

171 1413 304 1452 terarios
314 1410 524 1461 promonena'i
531 1407 655 1460 studio,
682 1406 862 1444 mittendum
878 1409 1002 1444 curauit
1016 1406 1066 1443 vir
1081 1406 1166 1443 omni
1181 1404 1274 1441 laude
1289 1404 1393 1440 maior
1409 1404 1429 1441 I
1431 1416 1547 1442 oannes
1566 1401 1730 1449 Georgius
1751 1401 1921 1438 Graeuius.
1979 1399 2110 1441 Lebiio-

175 1483 225 1508 nes
238 1470 394 1506 variantes
417 1473 480 1503 tam
497 1479 511 1502 e
528 1464 630 1502 Codd.
649 1462 815 1513 impriffs,
829 1465 933 1514 quam
950 1476 1044 1500 manu
1057 1460 1192 1513 scriptis
1208 1459 1331 1511 pridem
1358 1465 1531 1511 excerptas,
1558 1458 1721 1507 legentium
1737 1458 1833 1495 oculis
1846 1454 1984 1508 qualibet
2005 1457 2037 1493 in
2047 1469 2110 1508 pa-

174 1528 255 1576 gina
265 1523 402 1576 subieci:
426 1521 529 1573 serius
545 1527 646 1558 autem
661 1520 804 1557 adueffas
819 1520 851 1556 in
860 1518 1044 1571 Appendice
1051 1516 1197 1570 fideliter
1216 1515 1459 1569 repraesentaui.
1519 1515 1658 1568 Quodfi
1673 1516 1722 1552 cui
1737 1515 1839 1552 minus
1856 1514 2007 1557 arrideat,
2024 1513 2114 1565 quod

175 1580 386 1633 minutfflmas
403 1592 544 1631 quasque
561 1578 735 1626 varietates,
762 1589 843 1629 quae
864 1590 927 1614 non
949 1582 1040 1614 erant
1055 1573 1222 1626 nianifesta
1236 1574 1364 1611 librarii
1375 1571 1573 1624 sphalmata,
1600 1573 1694 1609 anxie
1709 1578 1738 1608 et
1755 1570 1880 1622 solicite
1898 1568 2112 1622 conquifiuiffe
2164 1571 2166 1580 '

176 1640 303 1678 videar:
323 1636 410 1688 sciat
425 1634 605 1673 delicatulus
621 1635 796 1671 huiusmodi
809 1632 935 1676 Lebior,
966 1631 1119 1671 minutula
1141 1631 1201 1682 ista
1224 1630 1302 1668 milii
1322 1629 1441 1667 laboris
1463 1626 1759 1680 improbi-taedium
1775 1641 1837 1665 non
1848 1639 1967 1678 parum
1981 1624 2112 1677 auxiffe,

168 1696 236 1749 fibi
253 1701 353 1732 autem
376 1706 498 1730 moram
513 1691 627 1728 nnllam
646 1693 780 1736 iniicere,
808 1689 1014 1742 molestiam-me
1028 1687 1192 1740 faceffi‘re.
1251 1688 1291 1724 In
1306 1688 1344 1724 iis
1368 1686 1490 1738 quidem
1504 1699 1567 1722 non
1581 1687 1660 1723 verti
1680 1684 1835 1722 Graeciae
1853 1682 2006 1735 fortunas
2018 1682 2114 1722 liben-

180 1760 228 1790 ter
251 1748 414 1802 agnosco;
429 1748 492 1801 sed
506 1744 652 1799 neglebiis
675 1747 750 1798 istis,
780 1745 919 1785 Antiori
931 1745 1030 1797 saepe
1053 1744 1196 1783 decedere
1211 1746 1361 1791 gratiam
1387 1749 1416 1780 et
1439 1742 1636 1794 venustatem,
1664 1747 1721 1778 aut
1737 1740 1929 1792 peculiarem
1955 1739 2115 1792 quandam
2164 1762 2166 1780 2

172 1807 330 1861 sermonis
348 1804 543 1853 elegantiam,
569 1803 741 1856 agnoscent
758 1816 871 1852 omnes,
901 1803 1013 1854 quibus
1021 1800 1139 1854 sanum
1154 1804 1188 1838 in
1203 1795 1280 1839 hisce
1304 1798 1393 1837 rebus
1409 1798 1567 1836 iudicium.
1625 1799 1695 1836 lmo
1713 1799 1834 1835 veroin
1851 1803 1916 1834 tam
1929 1795 2037 1846 ampla
2054 1795 2116 1848 se-

177 1872 250 1914 gete
268 1862 411 1901 deletinm
426 1862 581 1905 adhibere,
599 1861 825 1912 verborumque
841 1860 934 1897 etiam
953 1859 1060 1910 apices
1079 1864 1107 1896 et
1119 1859 1266 1895 minutias
1285 1856 1460 1907 praeterire
1473 1869 1509 1893 eo
1524 1855 1624 1893 minus
1636 1854 1768 1905 placuit,
1794 1853 1882 1905 quod
1898 1851 2117 1904 Thucydidem
2165 1891 2166 1894 ,

187 1917 551 1965 πολυσυνδεσμᾶταιτον
576 1917 629 1969 effe
655 1924 738 1955 notet
761 1913 996 1961 Scholiastes‚
1031 1922 1061 1952 et
1082 1915 1237 1951 vocalium
1260 1911 1524 1964 concursationem
1544 1913 1667 1949 minime
1681 1909 1806 1963 fugiſje
1816 1909 1945 1962 scribat
1967 1910 2116 1949 Cicero.

188 1976 280 2029 Quid
293 1974 388 2028 quod,
409 1974 441 2028 fi
459 1973 660 2026 fingulorum
675 1974 819 2011 arbitriis
832 1972 985 2025 standum
1003 1972 1071 2022 effet
1088 1972 1120 2008 in
1133 1969 1324 2008 eliminandis
1337 1969 1530 2016 lanionibus,
1554 1970 1633 2005 idem
1641 1970 1786 2018 paginae
1799 1966 1924 2016 nostrae
1939 1971 2118 2004 euenturum

186 2032 291 2081 credo,
319 2030 405 2084 quod
419 2029 491 2082 seni
506 2031 537 2066 in
553 2029 678 2083 fabulis
685 2045 697 2071 ;
724 2031 781 2081 qui
800 2043 821 2067 a
834 2029 943 2081 puella
960 2029 1122 2080 vituloque
1138 2027 1315 2073 adamatus,
1337 2025 1395 2064 hac
1418 2027 1540 2077 nigros,
1565 2024 1619 2062 illa
1644 2025 1810 2062 albicantes
1833 2022 1962 2074 capillos
1981 2021 2117 2072 uelletne,

178 2090 289 2145 subito
309 2087 415 2124 caluus
428 2089 592 2138 apparuit.
656 2084 779 2131 Temni,
799 2087 830 2123 in
851 2085 930 2124 hicne
952 2099 1041 2137 quem
1056 2085 1126 2122 dixi
1144 2082 1272 2121 modum
1292 2089 1451 2128 accurato,
1476 2088 1504 2120 et
1521 2081 1567 2118 ad
1589 2079 1750 2119 leuandum
1764 2079 1886 2118 tenoris
1895 2077 2068 2131 fastidium
2084 2082 2120 2117 in

186 2150 333 2184 tmemata
345 2142 414 2198 fine
431 2142 584 2196 seiiiones
611 2143 768 2195 distintfto,
793 2143 943 2181 Latinam
967 2142 1086 2180 AEm.
1111 2142 1212 2179 Porti
1227 2139 1393 2192 veifionem
1408 2137 1580 2191 szqoposui.
1639 2136 1740 2189 Quod
1753 2142 1855 2174 autem
1869 2136 1906 2173 de
1918 2135 1999 2176 loco,
2028 2149 2120 2187 quem

188 2203 341 2254 versiones
352 2198 424 2250 fere
441 2198 590 2245 obtinent,
616 2201 823 2243 dinzoneatur,
849 2199 885 2236 id
898 2199 996 2250 plane
1014 2201 1046 2236 in
1066 2196 1162 2246 causa
1186 2197 1240 2250 est,
1266 2195 1356 2248 quod
1368 2195 1546 2234 huiusmodi
1562 2195 1685 2247 nonstt,
1715 2200 1749 2230 vt
1765 2194 1872 2244 aequis
1884 2190 2032 2243 paffibus
2051 2205 2120 2230 cum

192 2259 318 2296 Graeco
340 2253 534 2308 Thucydidis
551 2263 637 2293 textu
653 2255 812 2293 ambulare
837 2262 1012 2293 mereatur:
1040 2269 1077 2292 ne
1088 2254 1205 2303 dicam,
1220 2252 1310 2305 quod
1321 2251 1380 2289 hoc
1390 2251 1490 2304 pitito
1505 2253 1618 2290 nitoris
1631 2257 1660 2288 et
1677 2249 1847 2297 elegantiae
1864 2244 1964 2298 nescio
1974 2245 2055 2299 quid
2068 2260 2121 2286 ac-

192 2313 309 2366 crescat
321 2313 476 2363 paginae,
500 2312 636 2365 liberque
656 2313 892 2350 commodiorem
908 2314 942 2349 in
958 2311 1066 2349 molem
1079 2311 1127 2364 stt
1141 2309 1297 2348 reduetus.
1352 2309 1617 2359 Interpretationi
1640 2313 1741 2344 autem
1756 2306 1828 2344 liuic
1844 2317 1906 2342 non
1922 2303 2002 2341 adeo
2017 2302 2122 2356 serui-

191 2371 264 2409 liter
279 2375 384 2407 memet
408 2370 536 2414 addixi,
565 2376 599 2406 vt
618 2382 697 2419 eam,
720 2375 819 2420 prout
832 2366 942 2420 sensus
964 2369 1080 2417 exigit,
1104 2367 1266 2418 paululum
1285 2367 1447 2404 immutare
1467 2379 1530 2402 non
1542 2362 1765 2417 fistinuerfflu
1793 2362 1899 2414 itaque
1917 2360 1950 2397 in
1965 2360 2146 2414 confilium*

193 2424 324 2463 adhibui
349 2423 501 2475 verfiones
516 2426 651 2464 Latinas
677 2432 813 2463 caeteras
830 2439 943 2474 onnzes,
971 2431 1005 2461 vt
1016 2431 1045 2461 et
1061 2422 1219 2461 Gallicam
1236 2419 1478 2464 Ablancurtii,
1508 2428 1537 2458 et
1551 2420 1764 2471 Anglicanam
1783 2413 1980 2456 Hobbefii:
2008 2424 2125 2469 (quem,

193 2489 228 2520 vt
247 2481 347 2518 obiter
361 2481 398 2517 id
409 2494 562 2528 moneam,
582 2480 688 2534 fontes
697 2482 838 2519 Graecos
854 2495 917 2518 non
931 2480 1036 2532 adiiffie
1043 2480 1163 2519 acerbe
1181 2479 1299 2530 magis,
1315 2492 1410 2531 quam
1423 2474 1795 2530 iuste‚que1-iturAuaor
1808 2479 1954 2511 notarum
1971 2473 2016 2510 ad
2028 2474 2126 2512 Mar-

191 2536 284 2577 mo'ra
297 2537 516 2592 Oxoninesia.)
574 2539 683 2579 Hasce
699 2538 927 2586 translationes,
956 2551 1037 2590 quae
1061 2550 1199 2577 mearum
1222 2536 1464 2590 castigationum
1476 2534 1669 2586 praecipuus
1679 2531 1806 2586 fundus
1820 2536 1921 2578 erant,
1948 2542 2015 2567 cum
2038 2534 2128 2567 textu
