2166 2777
138 62 242 94 XLII
805 64 1430 90 x—-ss——ssss

261 150 2027 256 HENRICVSSTEPHANVS-

619 319 985 404 IOACHIMO-
1019 321 1432 367 CAMERARIO
1471 321 1516 366 S.
1546 320 1602 365 D.

232 478 463 519 EDDITAE
483 476 580 518 mihi
601 475 757 518 fuerunt
780 477 905 518 literae
929 486 1037 528 tuae,
1068 477 1263 520 Ioachime
1296 477 1497 525 cariffime,
1532 474 1665 516 breues
1698 473 1779 515 illae
1811 473 1987 528 quidem,
2020 471 2084 515 sed

262 534 395 586 longae
409 548 428 574 a
445 548 507 575 me
522 534 667 587 saepius
682 533 882 586 relegendo
901 532 1028 578 faciae.
1084 538 1198 575 Miras
1215 535 1318 575 enim
1335 533 1512 588 quasdam
1528 545 1615 585 prae
1636 530 1816 571 omnibus
1831 530 2086 584 superioribus

145 593 284 632 amoris
302 594 357 631 tui
375 590 569 632 blanditias
592 589 744 630 auribus
775 592 867 630 meis
889 589 1124 641 instillabant„
1178 595 1321 631 Verum
1342 591 1387 630 de
1411 587 1639 629 munusculo
1657 592 1721 635 (ne
1736 586 1780 627 fis
1797 587 1957 634 nescius)
1975 586 2087 627 nihil-

145 647 239 688 dum
254 647 299 687 ad
315 662 376 688 me
396 657 536 700 praeter
550 645 872 700 exspec'lationem
886 649 1070 699 peruenit.
1127 650 1197 698 Prp
1225 660 1304 702 quo
1320 656 1445 686 tamen
1470 659 1551 684 non
1565 645 1669 684 secus
1692 657 1735 684 ac
1750 646 1822 684 iam
1848 653 2018 696 accepto,
2047 652 2086 683 et

145 707 278 756 gratias
298 703 365 744 tibi
382 703 579 757 fingulares
595 717 681 754 ago,
712 713 749 743 et
766 702 950 756 ἀντίὸωξον,
981 703 1252 754 Thucydidem
1281 715 1412 743 meum
1429 704 1620 752 Latinum,
1647 714 1718 740 vna
1738 714 1826 740 cum
1845 698 2010 751 Graeco,
2031 702 2088 740 vi·

144 761 266 801 ciffim
283 764 407 802 mitto.
467 760 612 813 Qidni
629 763 732 800 enim
747 773 878 800 meum
895 758 1094 812 appellem,
1122 763 1230 800 cuius
1250 759 1406 800 debetur
1422 761 1596 798 maximis
1612 760 1707 797 meis
1727 756 1925 797 sudoribus
1943 752 2088 802 editio?

147 817 220 857 Sed
239 831 387 867 eorum,
413 819 659 871 quantumuis
677 817 803 867 magni
820 813 968 858 fuerint,
999 814 1024 854 fi
1041 814 1196 855 feliciter
1209 816 1358 856 sudatos
1375 815 1445 856 effe
1465 814 1642 864 censebis,
1663 811 1900 867 nequaquam
1919 825 1979 852 me
1995 825 2089 865 poe-

147 872 291 914 nitebit.
349 873 455 925 Quid
472 873 573 924 dico,
600 869 780 913 feliciter?
810 875 906 924 Imo,
937 871 962 912 fi
986 872 1177 923 duntaxat,
1207 886 1285 912 non
1314 876 1475 912 omnino
1501 870 1698 910 infeliciter
1724 873 1763 909 in
1789 869 1865 910 hoc
1891 882 2006 921 opere
2023 867 2089 909 de-

147 929 286 970 sudaffe
312 944 374 970 me
399 930 635 980 iudicarim-u,
670 931 724 969 mi
745 927 948 978 loachime,
974 927 1154 968 beaueris.
1213 932 1388 980 Quantus
1415 928 1568 981 quidem
1590 937 1687 965 certe
1706 924 1829 976 fuerit,
1857 929 1922 980 qui
1937 924 2091 966 sudores

146 986 232 1027 illos
255 989 492 1038 prouocauit,
523 985 639 1036 labor,
669 985 727 1026 vel
746 998 793 1025 ex
810 998 858 1024 eo
877 985 990 1038 poffis
1011 984 1268 1025 conicc‘iuram
1289 984 1420 1035 facere,
1435 985 1539 1039 quod
1560 997 1638 1022 non
1659 984 1800 1032 aestate,
1829 996 1898 1022 nec
1915 981 2092 1031 interdiu,

148 1042 211 1083 sed
230 1043 361 1082 mediis
380 1043 524 1083 mediae
541 1042 686 1093 hyemis
705 1040 894 1092 noffiibug
925 1044 962 1080 in
980 1041 1109 1081 medio
1125 1042 1331 1096 Aquilonis
1354 1055 1471 1093 regno
1490 1040 1605 1079 sudati
1625 1053 1643 1079 a
1661 1053 1721 1079 me
1736 1037 1902 1079 fuerunt.
1962 1034 2092 1090 Qrid?

149 1101 337 1153 (inquies)
363 1099 510 1139 adeone
533 1108 569 1138 te
593 1098 873 1138 lucubrationes
899 1098 1184 1149 intempestiuae
1203 1095 1456 1138 delectabant?
1494 1099 1657 1136 Minime
1674 1109 1782 1136 vero:
1809 1094 1872 1134 sed
1893 1095 2092 1149 postquam

150 1155 413 1208 typographica
432 1158 549 1196 totius
569 1155 695 1195 diurni
709 1156 891 1206 temporis
909 1156 1057 1204 negotia
1078 1155 1192 1194 varias
1208 1155 1246 1193 in
1263 1164 1381 1207 partes
1397 1155 1567 1192 animum
1585 1166 1716 1192 meum
1735 1151 1983 1203 distraxerant,
2000 1149 2094 1205 quid

149 1222 293 1265 praeter
317 1210 518 1252 nofiurnas
535 1210 646 1251 horas
665 1208 964 1264 relinquebatur?
999 1213 1151 1249 Totum
1172 1223 1263 1261 ergo
1292 1209 1391 1249 diem
1408 1211 1538 1261 partim
1559 1209 1666 1248 domi
1692 1221 1781 1247 cum
1797 1211 1905 1248 variis
1923 1221 2093 1248 mearum

151 1281 352 1321 operarum
378 1270 537 1319 ingeniis
562 1264 769 1314 altercatus,
799 1269 950 1312 rixatus,
978 1265 1241 1315 tumultuatus,
1269 1265 1504 1316 digladiatus,
1534 1274 1571 1304 et
1587 1267 1695 1303 variis
1713 1265 1988 1316 typographicis
2003 1264 2092 1304 offi-

151 1327 217 1364 ciis
240 1324 285 1364 ad
308 1336 368 1363 eas
393 1326 433 1364 in
458 1323 590 1367 officio
611 1321 822 1362 retinendas
845 1319 1012 1371 functus,
1036 1324 1170 1373 partim
1195 1320 1288 1362 foris
1313 1321 1533 1375 multiplicia
1559 1323 1708 1371 negotia
1727 1333 1845 1374 eaque
1864 1333 1943 1360 non
1958 1320 2092 1360 admo-

152 1381 245 1420 dum
271 1380 367 1420 mihi
390 1379 552 1420 iucunda
576 1379 816 1431 exsequutus,
847 1387 929 1417 tum
948 1378 1118 1428 demum,
1147 1391 1268 1432 quum
1291 1377 1464 1418 tenebrae
1487 1375 1754 1429 oppreffiss'ent‚
1785 1375 1831 1416 ad
1857 1378 2092 1427 recognitio-

153 1451 242 1477 nem
262 1438 576 1488 interpretationis
595 1434 716 1475 Vallae
738 1433 889 1484 (bellam
913 1433 1055 1473 scilicet
1072 1435 1188 1473 animi
1205 1433 1491 1484 relaxationem)
1517 1446 1579 1472 me
1601 1430 1854 1472 conferebam.
1911 1432 2091 1485 Ibisaepe

151 1492 247 1534 mihi
262 1492 516 1543 contingebat,
537 1491 629 1531 dum
646 1490 860 1530 distradlum
877 1503 918 1530 ac
937 1490 1052 1530 veluti
1069 1490 1229 1543 sparsum
1249 1493 1418 1530 animum
1435 1488 1651 1540 recolligere
1668 1502 1834 1539 conarer,
1862 1488 2091 1541 χασμᾶσθαι

155 1547 215 1590 καὶ
245 1548 506 1602 σκοξὸινσῖσὲειιῑ
531 1548 636 1600 saepe
653 1549 777 1599 etiam,
806 1546 899 1586 dum
920 1545 1009 1586 hinc
1031 1545 1107 1587 loci
1123 1546 1281 1586 alicuius
1297 1545 1545 1597 Thucydidei
1572 1544 1772 1585 obscuritas
1791 1547 1960 1585 animum
1979 1558 2092 1596 ange-

156 1615 210 1644 ret
227 1613 263 1644 et
279 1608 467 1651 cruciaret,
488 1603 591 1643 illinc
607 1605 789 1655 temporis
806 1603 1238 1654 angustiaepremerent,
1268 1603 1429 1653 ι’λιγγιᾲἶν
1445 1599 1505 1642 καὶ
1522 1602 1738 1652 σκοτοδινιῶ.
1793 1601 1938 1654 Ecquid
1957 1611 1992 1641 te
2011 1603 2087 1641 mei

156 1660 356 1711 miserebit,
383 1659 475 1700 haec
500 1660 700 1712 legentem,
733 1661 786 1699 mi
808 1657 1021 1699 loachime?
1061 1660 1099 1698 Si
1124 1669 1161 1699 te
1181 1658 1278 1700 bene
1302 1660 1408 1706 noui,
1444 1656 1642 1698 miserebit.
1701 1657 1772 1698 Sed
1795 1657 1833 1697 id
1860 1668 1985 1698 tamen
2008 1671 2090 1698 non

157 1720 260 1770 prius
279 1717 388 1769 plane
411 1717 625 1769 persuasum
645 1715 807 1765 habebo,
835 1728 949 1769 quam
975 1715 1168 1768 duplicem
1190 1729 1238 1756 ex
1254 1714 1324 1754 hac
1348 1725 1410 1755 tua
1427 1715 1756 1754 commiseratione
1773 1713 1942 1755 frudlum
1961 1728 2091 1766 perce-

158 1787 271 1826 pero:
298 1787 431 1824 vnum,
457 1783 495 1812 vt
513 1786 562 1812 eo
578 1783 613 1813 te
631 1775 850 1826 aequiorem
866 1775 941 1811 mei
960 1771 1095 1812 laboris
1111 1772 1306 1812 censorem
1321 1770 1505 1824 praebeaS‚
1533 1784 1613 1824 quo
1628 1773 1794 1824 iniquius
1810 1783 1971 1816 mecum,
1994 1769 2091 1811 dum

161 1845 251 1871 eum
272 1829 445 1874 subirem,
476 1828 602 1869 aequm
627 1829 696 1868 est:
721 1827 891 1879 alterum,
922 1838 961 1868 vt
979 1829 1072 1868 mi'ni
1099 1829 1253 1881 posthac
1271 1841 1425 1880 operam
1448 1837 1552 1866 tuam
1569 1827 1749 1878 denegare
1767 1826 1916 1867 defluas.
1975 1830 2092 1881 Equi-

161 1888 261 1937 dem,
288 1899 407 1940 quum
425 1898 444 1924 a
461 1894 496 1926 te
513 1884 693 1938 repulsam
709 1887 748 1924 in
775 1884 998 1924 huiusmodi
1024 1885 1134 1924 rebus
1158 1887 1290 1937 patior,
1314 1897 1355 1924 ea
1371 1883 1465 1924 mihi
1482 1897 1569 1922 cum
1588 1884 1768 1923 omnibus
1792 1884 2003 1923 studiorum
2020 1883 2093 1924 hu-

161 1942 349 1984 manitatis
367 1941 576 1982 cultoribus
592 1942 810 1981 communis
826 1941 886 1987 est,
901 1954 998 1992 eam,
1022 1951 1216 1995 quotquot
1229 1941 1252 1980 s
1247 1950 1313 1980 unt
1329 1950 1498 1981 veterum
1513 1939 1743 1992 scriptorum
1759 1950 1956 1989 amatores,
1980 1950 2095 1994 quot-

163 2010 260 2055 quot
285 1999 411 2038 Musas
431 1997 584 2048 colunt,
614 1998 710 2050 ipsae
734 1997 898 2051 denique
920 1997 1049 2037 Musae
1074 2011 1231 2038 mecum
1259 1999 1460 2050 patiuntur.
1476 2039 1497 2057 ,
1517 1997 1649 2036 Scribit
1671 1996 1774 2036 Plato
1799 1997 1924 2051 (quod
1946 2006 1987 2036 tu
2009 2010 2091 2037 non

164 2058 341 2108 ignoras),
367 2067 439 2095 nos
453 2068 531 2094 non
556 2053 666 2094 nobis
681 2053 803 2093 Iolum
827 2063 933 2093 natos
949 2053 1033 2104 effe,
1060 2053 1120 2094 sed
1137 2063 1242 2093 ortus
1259 2053 1373 2093 nostri
1393 2061 1535 2106 partem
1552 2066 1571 2093 a
1588 2055 1713 2106 patria,
1740 2064 1881 2105 partem
1898 2067 1917 2092 a
1932 2056 2093 2106 parenti-

164 2113 246 2163 bus,
276 2122 416 2165 partem
433 2109 478 2150 ab
491 2113 618 2150 amicis
639 2110 842 2149 vendicari:
871 2108 987 2162 quid?
1013 2124 1091 2150 non
1110 2120 1217 2162 putas
1232 2109 1435 2149 arclissimo
1460 2109 1626 2163 quodam
1642 2109 1919 2149 neceffitudinis
1937 2112 2092 2150 vinculo

163 2173 258 2209 inter
273 2169 308 2208 se
329 2166 479 2208 iunctos
500 2166 570 2207 ess‘e
585 2164 742 2217 (etiamst
759 2164 828 2204 fint
854 2164 946 2217 οῧξεα.
969 2164 1103 2206 πολλοὶ
1127 2165 1264 2219 μεταξὺ
1280 2164 1340 2206 καὶ
1364 2163 1518 2218 ἷιχῆεσσοι
1533 2164 1733 2217 θάλασσα.)
1749 2179 1845 2221 quos
1862 2165 2014 2208 eaedem
2028 2169 2090 2207 iis-

164 2226 252 2267 dem
266 2225 372 2265 sacris
385 2224 533 2265 sorores
547 2219 795 2263 initiauerint?
823 2224 933 2263 Canit
950 2221 1263 2273 ingeniosiffimus
1283 2221 1343 2262 ille
1360 2230 1491 2274 poeta:
1786 2234 1791 2239 ·

610 2315 695 2356 Sunt
723 2323 827 2354 tamen
852 2319 936 2354 inter
955 2315 994 2368 stt
1022 2314 1314 2367 communia'sacra
1332 2317 1450 2367 potitis,

685 2372 855 2425 Diuersum
877 2374 1020 2425 quamuis
1040 2373 1173 2424 quisque
1189 2371 1365 2425 fiquamur
1385 2374 1467 2410 iter:

166 2467 298 2522 quidni
320 2475 357 2507 et
373 2467 419 2506 de
445 2467 596 2506 caeteris
623 2465 761 2504 artibus
778 2477 821 2504 ac
838 2463 1042 2516 disciplinis
1065 2464 1166 2504 idem
1182 2461 1371 2503 dicamus?
1410 2462 1481 2504 Sed
1496 2477 1618 2517 quum
1632 2462 1702 2505 hae
1717 2466 1837 2505 variae
1850 2463 1929 2513 fint,
1959 2480 2039 2521 quo
2054 2475 2091 2510 t'e

164 2523 331 2578 pluribus
348 2523 427 2564 illae
444 2523 589 2564 sorores
612 2520 864 2563 excoluerunt
886 2530 999 2576 atque
1027 2521 1257 2572 erudierunt,
1288 2534 1336 2561 eo
1359 2519 1426 2561 tibi
1452 2534 1542 2562 cum
1563 2520 1733 2575 pluribus
1754 2521 1977 2564 homiuibus
1995 2538 2092 2573 conf
