2166 2777
290 58 802 108 DXVKERI
903 43 1711 102 PRAEFATto.
1856 67 1984 96 xxix

33 174 80 215 de
98 172 262 226 plaustro
277 172 450 212 conuicia
470 171 591 210 iacere
609 167 755 217 donae,
782 169 985 222 quisquam
1003 165 1110 206 facile
1128 164 1376 218 exspenaffet.
1435 167 1546 216 Quae
1568 165 1711 214 onmia,
1740 164 1983 216 maximeque

32 245 86 282 ea,
114 232 262 284 quaein
280 241 342 267 me
359 238 520 280 vtroque
538 226 677 278 scripto
693 223 941 265 debacchatus
959 224 1020 269 est,
1046 223 1240 264 eiusmodi
1258 223 1352 266 sunt,
1377 231 1417 261 vt
1433 235 1511 261 non
1531 219 1596 261 nili
1613 220 1659 260 ab
1676 222 1908 269 immemori,
1926 217 1982 258 vel

32 291 205 339 incapace
219 287 396 324 omnium
414 296 493 322 non
512 285 606 322 ciuis
623 282 760 332 solum,
789 295 922 321 verum
940 283 1051 320 etiam
1079 280 1246 319 hominis
1266 279 1483 319 officiorum
1503 277 1638 325 bellua,
1669 287 1731 317 aut
1752 290 1770 316 a
1789 279 1983 329 φξενοβλα..

13 337 142 390 ‚esset
158 344 378 382 imminutae
396 341 532 379 mentis
551 339 722 383 homine,
753 338 937 390 proficisci
956 340 1160 390 potuerint.
1223 339 1376 375 Horum
1395 349 1468 387 ego
1485 334 1687 384 malorum,
1706 347 1873 387 quorum
1891 331 1982 370 illud

27 401 168 440 lentina
189 398 346 448 dignum
363 397 426 446 est,
454 396 531 435 hoc
559 395 757 436 helleboro
782 393 937 446 indiget,
970 397 1092 433 neutri
1118 393 1330 433 remedium
1357 391 1532 432 adhibere
1551 390 1718 443 poss‘um:
1747 403 1835 429 nani
1852 401 1977 442 neque

31 469 120 496 cum
139 454 259 496 bestiis
278 466 443 506 pugnare
462 453 586 496 didici,
613 465 738 506 neque
758 453 842 492 artis
861 450 1032 491 Medicae
1048 453 1187 503 peritus
1204 449 1296 496 sum,
1327 459 1376 500 et,
1401 447 1427 490 fi
1442 449 1497 489 vel
1512 447 1756 501 Aesculapius
1772 444 1897 496 essem,
1924 454 1976 484 ta-

29 525 118 553 men
135 524 181 551 ne
200 509 319 550 tribus
334 510 490 564 quidem
506 511 695 560 Anticyris
706 509 834 549 ,sanare
850 507 928 548 hoc
947 518 1058 560 caput
1074 506 1230 560 poffem.

131 567 200 608 Sed
220 580 354 620 operae
372 569 534 619 pretium
552 566 604 606 est
630 566 947 618 cognoscarquae
972 564 1052 604 illae
1068 576 1142 604 tam
1169 576 1326 615 magnac
1342 572 1379 602 et
1397 575 1529 614 graues
1554 561 1682 602 causae
1698 559 1849 606 fuerint,
1879 570 1977 613 quae

26 624 219 678 impellere
235 623 437 664 coelestem
452 626 617 663 animam
634 627 672 662 in
692 632 836 662 tantum
855 620 1024 661 furorem
1042 624 1247 674 potuerint.
1306 620 1383 672 lpse
1401 620 1492 659 duas
1513 617 1651 666 adfert,
1679 618 1845 666 alteram,
1869 614 1976 669 quod

23 696 90 728 me
109 680 248 726 famam
268 690 304 720 et
319 679 490 720 fortunas
515 681 596 720 iiras
614 679 742 719 dolosa
760 681 1024 718 criminatione
1047 678 1186 731 petiisse
1204 677 1314 723 dicit3
1343 675 1505 725 alteram,
1536 675 1642 730 quod
1660 673 1906 726 bibliopolam
1922 685 1976 719 ea,

29 739 243 793 quaesupra
261 736 391 790 scripsi,
422 751 483 777 me
500 736 702 789 impulsore
718 735 918 788 publicass'e
934 736 1146 788 suspicatur.
1205 734 1349 784 Pei-gula
1370 734 1521 786 pistoris,
1550 735 1616 771 veri
1635 732 1722 777 nihil,
1754 732 1860 769 omnia
1875 730 1976 781 fiHa.

29 797 132 835 Nam
160 792 258 834 illam
275 794 322 845 se,
351 808 473 847 quum
489 792 761 834 praefationem
779 796 940 833 Senecae
956 790 1150 841 scribebat,
1172 792 1356 830 [ementiri
1379 804 1460 830 non
1485 787 1697 841 ignorabat3
1727 788 1824 827 hanc
1843 797 1977 825 vanam

0 894 2 898 ,
31 862 69 893 et
86 850 210 902 falsam
230 850 299 891 effe
318 861 354 890 et
369 860 455 891 ante
473 864 554 890 eam
581 852 755 903 scriptam
772 850 866 890 scire
884 859 1040 901 poterat,
1069 858 1106 889 et
1132 847 1282 897 deinde,
1311 850 1531 901 priusquam
1551 846 1791 886 sacerrimum
1808 842 1916 883 illum
1935 841 1976 881 li-

31 908 183 955 bellnm,
213 910 251 947 in
272 921 352 961 quo
370 921 450 947 eam
472 910 615 960 repetit,
646 908 783 957 ederet,
812 921 833 947 e
850 901 1106 960 Lipfienfibus*
1119 919 1188 957 pro
1215 915 1318 944 certo
1335 904 1493 944 resciuit.

131 967 191 1005 De
209 967 473 1004 criminatione
491 977 572 1004 mea
591 978 685 1018 quae
712 964 814 1013 dicit,
844 977 939 1009 vera,
968 977 1014 1003 an
1030 960 1114 1002 falsa
1143 961 1223 1010 fint,
1247 961 1340 1000 hinc
1364 961 1520 1012 intelligi
1548 959 1684 1012 potest.
1739 959 1840 997 Ante
1856 967 1977 995 annos

28 1021 112 1075 'plus
136 1023 311 1062 vndecim
330 1025 486 1061 Senator
511 1022 666 1075 quidam
682 1019 912 1074 Delphenfis‚
937 1034 1026 1059 cum
1046 1032 1126 1074 quo
1153 1017 1248 1058 mihi
1272 1029 1379 1058 vetus
1404 1016 1643 1058 consuetudo
1667 1024 1754 1064 erat,
1778 1028 1842 1067 per
1857 1013 1977 1052 literas

26 1093 76 1120 ex
93 1091 154 1118 me
177 1076 367 1132 quaesiuit,
399 1077 491 1133 quid
519 1079 566 1118 de
591 1092 652 1129 eo,
679 1088 762 1118 tum
784 1080 880 1117 inter
899 1077 996 1127 illos,
1027 1079 1092 1131 qui
1119 1076 1221 1127 digni
1248 1074 1479 1120 videbantur,
1515 1073 1653 1128 quibus
1678 1085 1764 1112 cura
1784 1067 1977 1121 Gymnafii

26 1134 246 1188 Delphenfis
261 1138 575 1181 committeretur,
598 1137 810 1183 nominato,
826 1135 1013 1174 sentirem.
1053 1132 1253 1186 Respondi,
1270 1146 1360 1172 eum
1372 1134 1517 1172 Graece
1539 1140 1576 1170 et
1591 1132 1724 1171 Latine
1740 1128 1840 1173 scire,
1861 1139 1977 1180 quan-

21 1201 111 1250 ·„tum
135 1191 324 1231 ornandae
346 1191 397 1232 illi
420 1192 556 1244 spartae
579 1192 661 1231 satis
685 1191 783 1240 esset,
813 1201 849 1230 et
873 1190 1108 1243 disciplinam
1135 1188 1390 1229 scholasticam
1415 1188 1611 1239 diligenter
1631 1186 1794 1238 regeres
1824 1182 1978 1232 Addidi,

30 1248 137 1303 quod
154 1258 190 1288 et
214 1249 335 1301 ipsum
362 1248 461 1301 apud
486 1251 652 1288 amicum
677 1247 853 1287 nonnihil
871 1248 1071 1287 valiturum
1097 1247 1286 1298 putabam,
1313 1245 1384 1286 effe
1401 1259 1489 1285 eum
1518 1247 1555 1284 in
1577 1257 1615 1284 re
1631 1242 1781 1294 angusta
1797 1239 1980 1285 familiari,

27 1316 66 1345 et
82 1305 320 1344 numerosam
347 1304 527 1345 familiam
552 1304 759 1344 liberorum
783 1305 891 1355 alere,
922 1317 1041 1357 eaque
1066 1303 1112 1342 de
1136 1300 1238 1342 caula
1260 1316 1380 1354 nuper
1404 1299 1605 1341 confilium
1623 1299 1781 1348 nituisse,
1811 1300 1920 1337 cuius
1937 1296 1981 1335 il-

25 1361 119 1408 ium,
142 1363 176 1414 fi
199 1364 226 1400 ei
249 1363 301 1400 ln‘c
320 1363 505 1401 manendum
521 1360 627 1415 foret,
653 1360 857 1416 aliquando
876 1363 1082 1413 poenitere,
1114 1358 1173 1399 vel
1189 1366 1332 1413 (neque
1348 1357 1680 1412 enim-quidquam
1698 1355 1858 1406 interest,
1893 1363 1978 1392 vtro

26 1418 148 1459 modo
159 1420 298 1458 Latine
321 1430 440 1459 vertas
461 1417 605 1471 phrasin
630 1418 881 1469 vernaculam,
911 1431 984 1472 qua
1011 1416 1094 1455 vsus
1118 1416 1220 1466 sum)
1246 1415 1352 1470 quod
1371 1418 1406 1455 ei
1431 1414 1635 1469 aliquando
1659 1411 1882 1453 damnosum
1905 1408 1994 1455 effe,

26 1474 156 1528 poffet.
185 1510 188 1519 ‚
214 1479 317 1515 Haec
342 1485 502 1525 tantum,
520 1478 602 1516 'nec
629 1475 841 1529 quidquam
858 1484 1041 1527 praeterea
1065 1474 1112 1513 de
1129 1487 1177 1513 eo
1195 1472 1324 1525 scripfi.
1381 1475 1479 1512 Nam
1495 1471 1601 1526 quod
1617 1484 1679 1510 me
1698 1472 1809 1509 etiam
1827 1467 1893 1507 alia
1912 1465 1978 1506 fibi

27 1545 162 1584 parum
189 1531 402 1572 honorifica
429 1531 600 1584 scripfiffe
625 1532 762 1572 deinde
783 1533 881 1584 apud
907 1530 1116 1571 nonnullos
1139 1529 1271 1582 sparsit,
1304 1529 1340 1569 id
1367 1539 1494 1569 totum
1519 1542 1600 1567 non
1624 1527 1732 1567 aliam
1751 1525 1801 1566 ob
1818 1524 1977 1570 cansam,

28 1601 144 1642 quam
163 1598 206 1629 vt.
219 1587 313 1628 mih-i
331 1592 412 1630 iure
428 1590 530 1629 irasci
549 1590 747 1639 videretur,
769 1599 1014 1629 commentus
1032 1588 1093 1638 est,
1124 1601 1246 1641 quum
1262 1600 1335 1638 ego
1357 1587 1593 1626 Camerinam
1613 1584 1713 1624 illam
1732 1597 1813 1622 non
1831 1583 1977 1622 mouis-

25 1645 117 1694 sem.
176 1646 296 1697 Qiod
321 1657 447 1686 autem
473 1645 703 1686 deiconfilio
727 1646 826 1686 illius
849 1645 1073 1698 scripseram,
1103 1645 1141 1683 id
1167 1658 1216 1684 eo
1243 1642 1440 1696 speciabat,
1468 1642 1587 1696 quod,
1616 1654 1738 1695 quum
1760 1638 1824 1679 fibi
1840 1650 1976 1687 annua,

22 1703 353 1757 ⁴quorum‘partem
370 1706 523 1744 Pitiscus
546 1713 630 1743 tum
656 1702 750 1744 rude
766 1703 929 1743 donatus
955 1711 1159 1754 acceperat,
1187 1703 1314 1752 augeri
1341 1709 1508 1752 cuperet,
1536 1702 1686 1751 ignarus
1709 1710 1834 1737 rerum
1850 1696 1976 1735 homi-

27 1773 218 1813 numque,
248 1770 285 1799 et
307 1759 431 1800 adhuc
453 1774 584 1801 nouus
607 1760 731 1800 incola
755 1759 870 1800 huius
895 1759 1018 1806 Vrbis,
1054 1759 1266 1811 peruersam
1291 1760 1372 1797 eius
1398 1759 1449 1797 rei
1473 1759 1658 1796 rationem
1682 1754 1861 1806 ingressus
1886 1758 1974 1802 erat,

29 1825 66 1856 et
84 1826 149 1856 eos
165 1814 229 1856 fibi
245 1817 434 1858 adiutores
454 1818 682 1868 adiunxerat,
712 1831 880 1871 quorum
900 1819 938 1856 in
957 1829 1072 1856 manu
1091 1815 1128 1855 id
1148 1828 1226 1854 non
1254 1817 1369 1866 magis
1388 1823 1474 1863 erat,
1506 1826 1619 1867 quam
1636 1811 1710 1862 sua,
1731 1824 1855 1865 eoque
1873 1807 1974 1849 fac‘io

31 1883 113 1912 non
129 1872 258 1913 leuiter
275 1873 462 1928 quosdam
480 1874 507 1915 ἐν
525 1871 620 1916 τέλει
638 1874 857 1914 offenderat.
915 1875 1003 1913 Hoc
1019 1875 1164 1912 amicus
1185 1872 1244 1912 ille
1261 1885 1383 1921 meus,
1412 1884 1526 1925 quem
1545 1883 1616 1921 ego
1634 1868 1724 1908 huic
1744 1880 1880 1919 cupere
1895 1878 1975 1905 cre-

31 1927 207 1978 dideram,
236 1929 485 1984 quamobrem
504 1945 581 1971 non
600 1931 689 1981 scio,
718 1929 782 1970 nifi
805 1930 912 1985 quod
936 1930 1082 1983 semper
1100 1929 1326 1969 detrudendi
1348 1928 1462 1967 huius
1479 1927 1583 1967 causa
1609 1925 1654 1965 ab
1674 1939 1722 1966 eo
1741 1923 1882 1964 facium
1900 1921 1973 1962 ess'e

29 1984 229 2037 suspicatus
245 1987 348 2035 sum3
390 1988 451 2028 sed
471 1988 532 2029 ille
548 1988 705 2041 Delphis
723 1988 801 2028 hoc
820 1991 867 2028 ita
885 1990 1145 2040 interpretatus
1168 1984 1299 2034 fuerat,
1324 1996 1366 2025 vt
1384 1998 1464 2024 non
1484 1986 1682 2024 nominato
1698 1981 1852 2022 auc'tore
1873 1979 1969 2020 dice-

28 2051 95 2089 ret,
125 2040 189 2081 fibi
206 2044 384 2085 Traieno
406 2046 585 2098 scriptum
610 2045 693 2092 effe,
723 2044 831 2085 illum
855 2044 906 2086 ibi
933 2042 1086 2098 propter
1111 2046 1282 2096 inopiam
1305 2045 1357 2082 rei
1373 2039 1562 2082 familiaris
1582 2039 1726 2079 facinus
1748 2041 1830 2079 viro
1848 2036 1973 2090 probo

29 2108 141 2152 atque
160 2098 321 2139 honesto
341 2101 535 2153 indignum
557 2101 748 2152 admffiffe,
780 2102 827 2142 de
844 2115 923 2157 quo
940 2115 1016 2156 ego
1038 2114 1249 2155 numquam
1269 2102 1535 2151 cogitaueram.
1594 2095 1719 2141 Quod
1736 2095 1799 2136 vbi
1815 2092 1973 2146 Delphis

28 2155 154 2196 iactari
183 2155 329 2195 ex·hoc
354 2158 432 2208 ipso
456 2160 633 2210 intellexi,
665 2159 788 2200 statim
810 2160 854 2198 ab
879 2172 938 2205 eo,
967 2158 1012 2198 ad
1039 2172 1154 2213 quem
1179 2157 1400 2210 scripseram,
1430 2155 1522 2196 mihi
1548 2163 1659 2207 caput
1684 2153 1776 2192 illud
1795 2151 1971 2204 epistolae

29 2225 146 2258 meae,
175 2214 281 2266 quod
306 2214 350 2253 acl
376 2214 479 2255 hunc
503 2216 719 2268 pertinebat,
750 2215 977 2268 descriptum
1004 2218 1102 2256 mitti
1119 2217 1219 2268 petii.
1280 2216 1416 2265 Quum
1434 2211 1664 2264 accepissem,
1690 2208 1764 2249 fine
1781 2221 1886 2249 mora
1904 2207 1973 2245 do-

30 2282 138 2325 mum
163 2269 207 2310 ad
227 2269 430 2311 hominem
456 2275 554 2325 veni,
583 2275 704 2328 eique,
732 2273 839 2328 quod
862 2273 953 2312 nihil
983 2272 1030 2312 de
1052 2286 1113 2312 me
1137 2270 1295 2311 finistrae
1319 2270 1541 2322 suspicionis
1561 2269 1660 2320 apud
1679 2269 1850 2306 animum
1872 2264 1972 2304 illius

31 2323 183 2366 refidere
200 2326 384 2378 volebam,
410 2342 568 2369 omnem
597 2344 675 2370 rem
699 2330 879 2382 exposui3
909 2327 1064 2379 fastum,
1094 2339 1135 2368 vt
1150 2331 1188 2368 in
1214 2341 1293 2383 quo
1313 2327 1411 2367 nulla
1431 2339 1526 2371 mea,
1556 2325 1617 2365 sed
1632 2324 1748 2364 aliena
1765 2323 1873 2374 culpa
1891 2334 1973 2360 ver-

31 2382 398 2432 saretur-‚excusauss
427 2385 557 2434 literas,
587 2400 676 2440 quas
698 2400 927 2440 acceperam,
959 2385 1024 2439 ipfi
1048 2386 1218 2437 legendas
1246 2385 1331 2425 dare
1349 2383 1476 2430 volui3
1507 2396 1629 2437 quum
1647 2394 1706 2421 eas
1724 2379 1842 2431 legere
1862 2377 1975 2418 obsti·

30 2449 115 2490 nate
137 2440 325 2484 recusaret.
354 2445 526 2489 recitaui3
562 2443 669 2496 quod
691 2446 731 2489 is,
766 2445 811 2483 ad
835 2443 958 2498 quens
976 2443 1197 2496 scripseram,
1226 2454 1419 2494 perperam
1446 2443 1705 2491 interpretatus
1727 2435 1857 2485 fuerat,
1889 2449 1970 2488 quo

30 2499 227 2548 pertineret
245 2499 399 2547 ostendi,
424 2499 535 2553 idque
555 2499 610 2539 vel
628 2513 673 2539 ex
688 2499 744 2539 his
762 2500 881 2540 verbis
899 2500 1074 2553 epistolae
1094 2513 1210 2549 meae,
1228 2501 1262 2553 fi
1274 2503 1302 2538 ei
1317 2501 1368 2538 liic
1386 2496 1684 2547 manfridum*sin-ct,
1713 2502 1885 2545 apertum
1902 2491 1974 2531 effe

29 2552 118 2594 dixi.
177 2553 379 2596 Videbatur
395 2566 478 2597 tum
500 2556 597 2598 mihi
614 2555 798 2608 adsentiri,
824 2570 895 2598 nec
913 2557 1069 2609 negabat
1094 2570 1227 2597 verum
1245 2555 1330 2603 effe,
1362 2553 1467 2609 quod
1486 2553 1532 2592 de
1548 2549 1756 2593 offensione
1775 2551 1975 2604 potentio-
