2239 2818
215 126 278 160 592

220 201 330 242 Operis
347 197 470 230 vniuerfi
482 205 542 230 xm.
564 197 671 229 eadem
685 195 836 226 Annalium
857 193 1001 226 methodo
1021 191 1169 234 digestum

220 242 304 275 fuisse
320 242 378 282 ipse
394 252 512 281 qnoque
526 239 702 281 fignificat-it.
746 241 771 269 A
787 248 845 277 quo
866 245 964 267 autem
979 235 1067 267 Libro
1082 236 1171 265 conti-

221 288 270 315 nui
285 284 344 315 ess'e
357 286 518 323 coeperint,
541 284 590 322 qui
604 282 639 311 ab
654 281 735 310 initio
747 280 838 320 plane
853 278 922 308 nulli
938 277 1010 314 sunt,
1032 278 1171 314 Annales,

223 328 332 362 obstat,
360 336 418 365 quo
441 327 536 356 minus
557 324 772 363 intelligamus,
801 321 908 361 Operis
931 320 1064 351 vtilissimi
1084 319 1169 348 muti-

223 371 304 400 latio.
346 370 404 399 Vix
427 368 468 398 est
489 367 567 406 quod
589 365 775 401 dubitemus,
803 364 875 403 quin
894 364 1052 403 primorum
1074 364 1173 392 Anna-

226 413 298 442 lium
314 420 427 450 partem
445 410 537 449 longe
558 409 726 442 maximam,
747 407 897 436 iuniorum
915 404 1173 434 Grammaticorum

227 452 434 493 Chronologicis
454 451 624 485 ratiociniis,
647 459 708 479 non
727 447 824 478 aut'em
846 448 963 478 coaeuis
983 445 1173 480 monumentis,

224 496 360 527 debuerit
371 492 523 524 Diodorus.
565 492 643 522 Cum
658 500 769 529 nempe
786 491 843 520 iam
854 487 1030 519 Bibliothecis
1046 486 1174 517 instruffl

226 537 350 579 publicis
360 534 550 566 Alexandrina
564 541 651 573 atque
660 530 836 573 Pergamena,
846 531 995 562 'haberent
1011 531 1040 559 in
1055 535 1175 568 promtu

226 579 370 611 Auctores
384 579 551 617 primaeuos
569 585 644 615 quos
662 576 789 604 inuicem
807 573 1034 607 contenderent,
1054 578 1084 600 et
1098 580 1116 600 e
1132 579 1176 599 re-

228 632 291 653 rum
308 619 452 660 gestarum
466 618 683 649 circumstantiis
699 616 870 651 iudicarent,
893 616 922 644 in
938 622 1017 644 tanta
1031 614 1175 644 Veterum

228 663 378 698 discordia,
398 672 473 700 quae
488 661 606 690 demum
623 658 765 689 sententia
780 658 864 688 alteri
879 654 1082 687 anteferenda.
1118 653 1176 684 Vix

229 705 325 746 potuit
349 704 458 742 alioqui
480 711 560 733 tanta
585 700 669 732 fuisse
692 699 952 738 antiquissimorum
975 695 1178 735 discrepantia,

230 757 367 788 quantam
388 743 473 776 fuifl'e
497 744 584 774 docet
600 740 780 778 Plutarchus,
805 750 866 770 non
885 739 990 770 Solonis
1004 738 1109 774 modo,
1131 746 1179 766 ve·

230 799 295 822 rum
312 790 399 819 etiam
412 785 604 825 Themistoclis,
621 785 735 821 Secuto,
757 782 777 812 fi
791 782 912 823 quidem
928 792 946 813 e
958 782 1062 811 coaeuis
1078 789 1181 809 monu-

232 832 341 863 mentis
364 830 463 860 omnia
490 826 677 858 emanassent.
728 827 793 855 Non
819 833 902 855 erant
925 832 1004 854 certe
1026 822 1100 853 adeo
1115 821 1182 861 fre-

232 874 346 915 quentia
355 874 543 911 Scriptorum,
565 877 613 899 aut
629 877 686 899 tam
701 866 872 907 momentofii,
894 866 1019 901 diffidia3
1042 874 1108 894 cum
1124 865 1181 892 iam

235 914 341 946 indubii
349 914 496 945 exstarent
512 920 599 951 atque
615 911 793 949 exceptione
809 909 890 939 omni
905 909 1040 943 maiores,
1056 904 1182 936 Annales.

234 959 351 990 Primae
375 953 576 995 Clzronologiae
595 952 835 983 incertitudinem
858 950 957 990 prodit
976 948 1033 989 ipsa
1055 949 1102 978 illa
1123 957 1184 977 me·

237 1000 344 1031 thodus
367 997 559 1037 antiquissima
580 994 754 1026 numerandi
776 1004 830 1033 per
852 990 960 1034 γενεαῖς
983 991 1018 1022 ab
1041 989 1184 1020 Herodoto

236 1042 359 1082 aliisque
374 1039 519 1079 vsurpata,
540 1036 726 1068 incertiffima
740 1037 848 1075 pariter
864 1045 919 1065 nec
934 1034 985 1064 {ibi
1001 1034 1128 1064 inuicem
1144 1031 1185 1060 di·

236 1082 379 1115 versarum
396 1081 572 1112 familiarum
587 1078 722 1119 stirpibus
737 1076 930 1118 consentanca,-
950 1086 1007 1106 nec
1028 1074 1096 1105 sane
1112 1072 1185 1103 vsut—

238 1126 345 1169 panda,
369 1124 388 1155 fi
402 1134 479 1163 quae
493 1121 611 1153 fuiffent
624 1122 763 1155 certiores,
787 1119 892 1159 quibus
908 1118 1012 1149 eadem
1030 1116 1187 1147 interualla

239 1168 469 1209 designarentur,
491 1173 660 1204 temporum
676 1171 807 1192 normae.
848 1160 957 1197 Prodit,
980 1159 1059 1200 quod
1076 1159 1187 1188 nullam

237 1210 350 1252 prorsus
361 1207 509 1248 Epoeham,
527 1217 543 1236 a
558 1216 613 1244 qua
629 1204 701 1235 certi
718 1203 816 1233 calculi
832 1202 1040 1242 procederent,
1057 1208 1187 1241 agnoue-

238 1254 276 1284 rit
293 1251 457 1282 Herodotus.
485 1251 553 1279 Non
565 1247 610 1276 Ilii
623 1246 779 1281 excidium,
797 1255 857 1274 non
868 1242 1055 1285 Olympiades,
1075 1252 1113 1272 ne
1128 1241 1189 1280 qui-

240 1295 309 1325 dem
332 1294 415 1323 vnius
437 1291 597 1330 cuiuspiam
616 1288 701 1318 Vrbis
720 1288 863 1317 Natalem.
907 1287 1048 1317 Meminit
1068 1284 1190 1324 quidem

243 1334 419 1377 Thucydides
430 1331 644 1375 Olympiadum;
666 1329 714 1360 sed
730 1329 839 1359 nullius
849 1328 1060 1369 Olympiadum
1075 1326 1191 1360 numeri,

242 1388 275 1410 et
289 1389 328 1409 ne
343 1377 464 1417 quidem
479 1375 552 1405 certi
565 1374 682 1405 alicuius
693 1372 769 1401 initii
784 1371 861 1401 vnde
875 1368 1046 1410 procefferit
1059 1367 1128 1398 ordo
1140 1377 1192 1398 nu·

241 1421 384 1453 metandi.
429 1417 597 1458 Designauit
616 1416 702 1445 etiam
730 1413 759 1447 a)
772 1412 970 1454 Olympionicis
987 1411 1192 1452 Olympiadas3

243 1461 294 1495 sed
317 1472 376 1492 non
401 1460 506 1490 iisdem
529 1457 634 1498 quibus
650 1456 749 1496 postea
771 1463 924 1494 receptum
940 1454 981 1484 est
995 1462 1024 1484 vt
1038 1464 1053 1482 a
1070 1451 1193 1482 Chrono-

243 1505 313 1546 logis
336 1503 568 1544 designarentur.
611 1501 680 1529 Non
701 1496 808 1528 scilicet
829 1495 922 1526 Stadii
945 1495 1116 1530 vifiloribus,
1143 1492 1194 1524 sed

244 1546 401 1578 Pancratii.
443 1544 501 1574 Vel
516 1542 587 1572 inde
602 1541 759 1581 colligitur,
778 1541 917 1569 iuniorum
934 1538 1194 1577 Chronologorum

245 1589 374 1620 inuentis
388 1584 578 1617 tribuendum
595 1581 667 1619 effe,
689 1582 769 1621 quod
783 1580 947 1611 Seadionieis
963 1580 1084 1610 demum
1098 1575 1195 1608 cense-

245 1639 365 1667 rentur;
386 1639 446 1659 non
467 1636 565 1657 autem
583 1624 714 1654 Eleorum
729 1624 816 1664 Legi,
839 1633 913 1661 quae
933 1622 1076 1656 statuerit,
1099 1628 1129 1650 vt
1145 1617 1195 1649 soli

247 1672 424 1704 Stadiom‘cae
443 1668 656 1710 Olympiadum
683 1666 806 1696 victores
826 1663 919 1695 effent
938 1663 1087 1704 Eponymi.
1128 1664 1196 1692 Erat

246 1716 329 1746 enim
343 1713 410 1744 sane
426 1712 553 1742 nobilius
564 1709 710 1740 Pancratii
725 1716 884 1743 certamen,
908 1717 994 1746 quam
1009 1702 1106 1736 cursus
1120 1704 1196 1733 illius

250 1756 385 1787 omnium
401 1752 611 1794 fimpliciffimi‚
633 1761 691 1791 quo
708 1749 775 1780 vicit
791 1748 967 1778 Stadionices.
1010 1746 1036 1778 Β)
1057 1745 1197 1777 Grauibus

250 1799 388 1830 nimirum
408 1794 554 1826 accenseri
568 1793 682 1824 solitum
693 1813 701 1827 ,
724 1801 788 1821 cum
804 1790 907 1820 leuibus
923 1788 1122 1820 accenseretur
1137 1787 1197 1817 Sta-

249 1841 335 1872 dium.
370 1839 466 1870 Etiam
476 1835 586 1877 seorfim
600 1835 745 1865 numerari
762 1832 894 1862 videmus
909 1832 1033 1861 viEtores
1045 1829 1199 1863 Pancratii,

251 1884 360 1923 siquam
376 1880 460 1910 aliam
476 1879 621 1909 vi&oriam
638 1875 800 1906 adiunctam
815 1874 976 1910 haberent,
998 1883 1075 1912 quae
1092 1870 1199 1902 effece-

251 1927 305 1962 rit,
337 1932 368 1953 vt
389 1923 509 1953 vianna
535 1921 649 1950 illorum
674 1917 815 1947 eximium
839 1915 909 1955 quid
933 1915 1088 1954 complexa
1110 1913 1200 1944 fuerit

252 1976 324 2008 prae
339 1965 400 1995 aliis
416 1963 457 1993 sui
472 1963 581 1994 ordinis
599 1957 808 1996 Pancratiastis.
852 1958 939 1989 Multi
956 1964 1148 1987 numerantur
1163 1954 1199 1985 ab

252 2006 384 2046 Hercule,
407 2007 472 2046 qui,
495 2004 626 2035 {imiliter
639 2011 667 2031 vt
681 2002 748 2036 ille,
770 1999 842 2029 lulla
858 2000 984 2030 vicerint
999 2008 1029 2029 et
1042 1999 1201 2029 Pancratio.

253 2054 372 2089 Nempe
400 2050 432 2079 in
457 2048 535 2078 iuiu-
562 2045 708 2076 honorem
735 2043 785 2081 qui
812 2041 949 2072 ludorum
976 2041 1203 2081 Olympicorum

254 2092 360 2124 Aufior
378 2092 488 2130 primus
509 2096 599 2128 atque
625 2085 769 2125 institutor
792 2083 963 2113 habebatur.
1010 2085 1048 2113 Et
1067 2081 1146 2121 quod
1167 2081 1202 2110 ab

256 2133 413 2165 Heraclidis
433 2132 509 2162 illius
526 2129 650 2170 posteris
671 2135 731 2157 tum
747 2123 954 2165 Peloponnesum
973 2124 1157 2160 tenentibus,
1189 2132 1204 2152 a

257 2185 365 2216 magno
382 2176 500 2206 demum
509 2173 604 2212 spatio
619 2167 778 2205 intermisti,
794 2167 906 2197 fuerint
922 2166 1076 2197 restaurati.
1107 2165 1204 2195 Etiam

248 2216 362 2259 seorsim
389 2222 580 2246 numerantur
608 2212 658 2251 qui
683 2209 817 2250 Pugilatu
843 2209 966 2239 vicerint
993 2216 1024 2238 et
1046 2207 1204 2237 Pancratio.

259 2263 321 2293 Cur
341 2260 406 2295 illa,
427 2254 547 2296 quaeso,
574 2254 625 2285 nili
642 2252 753 2283 summo
774 2252 906 2281 omnium
925 2250 1056 2284 honore,
1083 2250 1129 2279 vel
1146 2246 1205 2288 ipso

259 2303 310 2334 ino
324 2309 441 2341 quoque
452 2297 614 2327 conditoris
628 2296 760 2330 nomine,
778 2292 874 2323 fuisset
885 2293 1065 2322 Pancratium
1074 2292 1090 2320 ?
1111 2292 1207 2321 Etiam

261 2344 332 2376 inde
347 2341 548 2380 intelligimus,
571 2338 590 2369 fi
604 2335 720 2367 fuifl'ent
734 2336 784 2366 vlli
799 2334 1019 2376 Olympiadum,
1037 2331 1208 2374 Thucydidis

256 2394 376 2422 aetate,
405 2384 525 2418 numeri,
554 2391 572 2410 a
592 2379 741 2410 pancratio
759 2375 858 2415 fuiffe,
887 2386 949 2407 non
969 2387 985 2406 a
1003 2375 1117 2410 Studio,
1141 2384 1208 2414 pro—

263 2427 406 2459 ceffurox:
430 2433 460 2455 et
474 2424 510 2453 ab
526 2423 582 2453 alio
601 2420 725 2461 proinde
739 2421 835 2455 initio,
857 2428 942 2458 quam
957 2429 972 2448 a
989 2428 1045 2457 quo
1064 2415 1210 2446 hodiernae

263 2476 455 2502 numerantur
466 2463 657 2507 Olympiades:
681 2463 728 2492 vel
742 2460 846 2492 scilieet
862 2460 898 2491 ab
914 2458 1041 2500 Herculis
1051 2460 1211 2496 Panes-atio,

614 2566 647 2594 A)
672 2528 768 2587 La'e'rtb.)
783 2527 1209 2596 lei-aeidessffomstefftlieroilosf·eici:

554 2599 594 2632 f)
613 2605 700 2623 contr.
715 2597 801 2628 Apion.
865 2597 896 2629 g)
916 2595 946 2620 de
969 2594 1113 2620 cantanet-
1146 2595 1212 2621 Thu-

295 2538 324 2572 o)
346 2537 449 2566 Thucyd.
468 2534 518 2559 111.
534 2536 560 2562 8.
582 2539 611 2557 v.
628 2538 672 2563 49.

330 2570 498 2628 Zomlzssis-fiKj
507 2576 515 2592 ι
523 2575 531 2591 1
538 2584 545 2590 ·

533 109 934 146 APPARATvs
995 109 1073 142 AD
1135 105 1444 140 ANNALES
1504 105 1581 137 ET
1641 104 1853 138 VITAE

1211 191 1291 233 quod
1314 191 1454 222 hodiernis
1475 189 1699 231 Olympiadibus
1719 187 1805 220 fuisse
1826 189 1919 228 longe
1932 186 2070 220 'ereditur
2090 187 2163 219 anti-

1211 235 1314 274 quiui3
1341 236 1387 264 vet
1411 244 1426 264 a
1446 234 1540 273 prima
1561 233 1724 267 Pancratii,
1755 230 1819 270 post
1839 230 2004 269 instauratos
2026 231 2162 261 Herculis

1212 277 1316 312 ludos,
1344 274 1531 314 institutione,
1560 284 1636 314 quae
1656 280 1825 304 xxxxuae.
1855 272 1976 302 demum
2002 272 2165 314 Olympiadi
2218 275 2234 302 J':

1215 318 1381 359 assignatur.
1430 314 1620 356 Xenophontis
1639 315 1866 356 Olympiadem,
1895 324 1971 354 quae
1996 322 2027 344 et
2054 323 2165 344 numero

1214 360 1384 399 delignatur
1399 357 1547 395 hodierno,
1571 365 1602 388 et
1617 359 1728 388 victore
1742 356 1848 394 Stadii,
1868 366 1921 396 pro
1940 357 2090 386 iuniorum
2105 357 2167 396 pla-

1214 402 1292 438 citis,
1314 401 1372 430 iam
1393 402 1453 430 Nos
1476 398 1629 440 suspectam
1651 398 1733 430 fuifl'e
1754 399 1780 432 ε)
1796 398 1995 439 probauimus.
2041 396 2166 437 Epochas

1216 453 1290 483 ergo
1315 443 1495 481 antiquiores
1520 452 1587 472 cum
1609 440 1696 471 nullas
1715 442 1861 478 haberent
1887 440 2024 480 primaeui
2048 440 2094 476 hi,
2125 440 2166 471 de

1216 485 1321 525 quibus
1334 485 1459 523 agimus,
1486 483 1635 522 Historia,
1658 483 1783 523 proinde
1797 482 1846 512 fibi
1863 481 2002 512 fecerunt
2015 480 2089 522 afui
2101 490 2169 512 tem-

1215 528 1294 568 poris
1309 526 1415 566 insigni
1432 526 1530 563 aliquo
1544 533 1672 563 euentu,
1693 536 1710 555 a
1727 534 1785 564 quo
1801 523 1954 563 retrorsum
1970 524 2085 554 numeri
2102 533 2169 564 pro-

1218 568 1368 599 cederent.
1410 568 1504 598 Etiam
1520 567 1589 597 inde
1604 567 1680 597 hanc
1690 567 1834 598 Historiae
1848 566 1999 606 infantiam
2011 564 2095 596 fuifl’e
2109 565 2167 596 cot-

1219 611 1345 651 ligimus.
1386 610 1433 640 Sic
1447 620 1463 639 a
1475 607 1532 647 fine
1548 609 1622 640 Belli
1639 606 1847 648 Peloponnefiaci
1860 608 2052 649 progreditur
2070 607 2104 637 ad
2120 617 2170 638 an-

1218 654 1326 683 teriora
1351 649 1531 693 Thucydides.
1580 651 1628 682 Sic
1648 661 1664 681 a
1689 651 1796 680 Xerxis
1822 650 2014 690 expeditione
2036 648 2169 679 Xanthus

1220 694 1254 728 d)
1272 693 1370 735 Lydus
1393 702 1424 724 et
1445 694 1469 727 τ)
1487 692 1654 723 Herodotus.
1705 694 1768 723 Nec
1795 692 1843 722 vel
1870 701 1994 721 coaeuam
2020 692 2170 732 Epocham

1223 737 1318 768 Xerxe
1340 736 1536 775 antiquiorem
1557 734 1718 766 obseruani.
1761 734 1820 765 Vel
1843 734 1914 764 inde
1934 732 2073 774 suspicor,
2104 734 2170 774 post

1225 779 1348 809 Xerxem
1362 776 1494 818 seripfifl'e
1510 777 1610 807 saltem
1631 779 1790 817 plerosque
1807 786 1846 807 ex
1857 775 2004 814 Historicis
2016 775 2171 815 antiquiffi-

1223 823 1294 857 mis,
1316 829 1344 850 vt
1360 829 1429 850 ante
1444 820 1525 850 illum
1542 820 1683 855 vixerint.
1706 827 1737 850 et
1753 817 1855 849 affecta
1870 825 1967 848 aetate
1981 817 2090 849 fuerint
2105 828 2172 849 cum

1226 862 1371 892 Graeciam
1399 863 1449 892 ille
1474 861 1585 893 infestis
1613 862 1700 892 armis
1729 868 1856 901 peteret.
1910 861 2062 891 Conuenit
2090 859 2172 899 quod

1226 905 1360 936 Cadmum
1379 902 1517 938 Mileh‘um
1537 911 1569 934 et
1589 902 1740 940 Actafilaum
1760 904 1899 944 Argiuum
1919 911 1956 932 ex
1974 902 2172 941 antiquissimis

1226 949 1373 981 omnium,
1403 945 1559 978 Historicos
1580 945 1620 978 f)
1637 944 1764 985 Iosephus
1791 946 1878 984 paulo
1906 952 1975 974 ante
1996 943 2100 980 Perfice:
2121 944 2173 974 flo-

1226 987 1313 1020 ruiss'e
1334 987 1462 1021 testatur.
1502 988 1571 1019 Esto
1592 987 1666 1018 haec
1682 987 1785 1023 Persica
1800 985 1950 1026 expeditio
1967 986 2058 1015 Darii
2081 986 2173 1017 fuerit

1226 1029 1416 1073 Hystquoidae.
1459 1030 1502 1061 Sit
1515 1029 1608 1060 adhuc
1627 1030 1776 1070 antiquior
1791 1027 1942 1068 expeditio
1958 1028 2102 1069 Harpagi,
2124 1027 2174 1059 sub

1227 1073 1288 1114 ipso
1303 1073 1385 1113 Cyro,
1407 1082 1468 1102 non
1482 1072 1603 1112 quidem
1619 1073 1649 1102 in
1668 1071 1787 1102 Graecos
1801 1071 1970 1110 Europaeos,
1990 1069 2039 1101 sed
2055 1073 2086 1101 in
2100 1070 2175 1107 Asta-

1228 1125 1276 1145 νιος
1297 1124 1406 1145 tamen.
1449 1114 1492 1144 lta
1513 1114 1634 1154 quidem
1654 1113 1770 1145 neceffe
1790 1114 1862 1149 erit,
1884 1121 1913 1143 vt
1927 1111 2175 1153 antiquiffimorum

1229 1157 1432 1196 Historicorum
1451 1156 1570 1195 Epocha
1597 1154 1763 1197 Theagenem
1782 1153 1935 1196 Rheginum
1959 1156 2176 1194 compleelatun

1230 1209 1322 1240 quem
1337 1196 1386 1228 sub
1398 1197 1527 1238 cambyse
1538 1197 1635 1229 vixifl'e
1644 1199 1752 1230 Aue'lor
1761 1197 1892 1228 ‘tatianus
1904 1195 1954 1226 est.
1994 1201 2040 1228 Ne
2055 1198 2178 1237 quidem
2202 1213 2205 1215 ⁴

1232 1243 1271 1272 ita
1287 1240 1362 1281 longe
1376 1239 1523 1270 aberrabit
1537 1250 1552 1269 a
1568 1250 1638 1270 vero
1655 1240 1750 1270 nostra
1767 1239 1840 1269 haec
1853 1238 1892 1267 de
1906 1237 2107 1276 Historicorum
2121 1240 2179 1270 ori·

1232 1285 1304 1324 gine
1326 1282 1478 1312 sententia.
1520 1283 1673 1313 Conuenit
1694 1291 1725 1312 et
1748 1281 1780 1315 g)
1791 1279 1940 1322 Dionyfius
1956 1280 2180 1321 Halicarnaffeus,

1235 1327 1282 1365 qui
1307 1325 1394 1354 eriam
1419 1323 1478 1363 ipse
1501 1322 1671 1368 ἀρχαίους,
1701 1335 1774 1364 quos
1799 1324 1942 1362 appellat,
1971 1325 2184 1366 eusyoypacpgi'g,

1235 1367 1388 1406 Historicos
1411 1365 1532 1403 scilicet,
1561 1366 1668 1406 duplici
1689 1365 1774 1396 claffe
1795 1365 2010 1404 complectitur:
2039 1368 2077 1397 Vt
2099 1367 2184 1397 nimi-

1234 1421 1299 1440 rum
1321 1419 1425 1439 eorum
1449 1409 1494 1438 alii
1518 1407 1630 1439 fuerint
1650 1407 1710 1453 vrgo*
1730 1409 2020 1446 Πελοποννησιακοῦ
2042 1409 2185 1451 πολέμου

1235 1452 1283 1482 alii
1296 1450 1392 1494 ὀλίγῳ
1406 1448 1614 1526 πέεσβύτεροι
1625 1451 1689 1483 τῶν
1698 1450 2002 1489 Πελοποννησιακῶν,
2018 1448 2073 1483 καὶ
2085 1451 2186 1496 μέχρι

1235 1495 1290 1532 τ’ἢς
1319 1495 1425 1526 Θουκυ
1446 1491 1507 1525 ίδου
1537 1492 1800 1536 παρεκτείναντες
1833 1491 1965 1530 ἡλικίας.
2030 1492 2185 1523 Posteriori

1236 1533 1322 1566 censu
1353 1535 1418 1564 illos
1447 1534 1548 1570 habet,
1581 1544 1706 1573 quorum
1736 1533 1834 1564 saltem
1850 1533 1973 1573 sen-ellus
1994 1533 2029 1563 ad
2053 1542 2183 1565 aetatem

1241 1576 1411 1618 Thucydidis
1425 1585 1512 1615 atque
1525 1575 1740 1616 Peloponnesium
1753 1575 1916 1616 pertigerit.
1960 1576 2007 1606 sic
2019 1577 2082 1613 egit
2095 1575 2184 1606 Hella·
2236 1577 2239 1600 2

1238 1622 1328 1656 nicus,
1349 1628 1438 1658 quem
1454 1618 1501 1648 hic
1514 1627 1673 1655 memorat,
1696 1619 1779 1648 initio
1795 1618 1867 1647 Belli
1886 1610 2113 1657 Peloponueliaci,
2135 1628 2185 1649 an·

1238 1672 1308 1692 num
1324 1662 1425 1690 aetatis
1440 1667 1541 1691 vam.
1559 1670 1626 1690 cum
1640 1668 1723 1691 xum.
1738 1668 1840 1700 ageret
1858 1658 2041 1701 Thucydides,
2059 1660 2088 1694 ὗ)
2101 1661 2185 1692 annin

1239 1702 1364 1744 proinde
1376 1712 1456 1733 xxv.
1476 1702 1618 1732 duntaxat
1638 1701 1799 1743 Thucydide
1819 1702 1921 1731 maior.
1960 1704 1998 1732 Et
2012 1711 2111 1733 tamen
2127 1703 2187 1743 pri·
2238 1707 2239 1710 ’

1239 1755 1306 1776 mae
1322 1744 1412 1775 ctaffis
1423 1744 1555 1774 Hecataeo
1563 1742 1669 1780 Milesio
1685 1741 1846 1781 ἐπέβαλεν
1860 1743 1906 1772 hic
1914 1742 2077 1781 Hellanicus,
2094 1754 2184 1784 quein

1239 1787 1358 1827 quidem
1369 1785 1533 1815 Hecataeum
1546 1787 1669 1825 primum
1678 1785 1817 1823 Historiae
1831 1784 1905 1824 apud
1921 1785 2048 1815 Graecos
2063 1785 2187 1826 Scripto-

1239 1839 1299 1859 rem
1319 1827 1417 1858 censet
1436 1829 1461 1857 i)
1476 1827 1582 1858 Suidas.
1630 1828 1776 1871 Πρῶτος,
1803 1827 1912 1866 inquit,
1939 1825 2065 1871 Ἱςοςίοιν
2087 1825 2188 1869 πεζός

1242 1868 1391 1943 ᾕήνεγκε.
1427 1868 1565 1905 Milesium
1580 1870 1663 1900 illum
1671 1869 1837 1899 Hecataeum
1849 1868 1958 1909 Olymp.
1968 1878 2044 1899 va.
2058 1877 2089 1899 et
2097 1869 2187 1899 Darii

1271 1911 1423 1954 ystasjoidae
1439 1911 1620 1951 temporibus
1631 1911 1753 1951 affignat
1767 1909 1866 1940 Suidas
1882 1912 1912 1940 in
1928 1920 2000 1941 voce
2011 1910 2189 1949 Ἑκαταῖος.

1243 1956 1324 1986 {dem
1340 1955 1371 1984 in
1391 1963 1463 1984 voce
1477 1950 1663 1991 Ἑλλάνικος
1679 1954 1718 1983 ait
1735 1952 1818 1982 illum
1837 1951 1920 1982 fuiffe
1936 1951 2024 1986 aava&
2046 1951 2092 1986 τα)
2111 1956 2191 1999 Περ·

1244 1993 1666 2069 &tetrartum
1682 1994 1956 2066 helgrim
1972 1995 2079 2067 {35⁸3
2099 2005 2191 2067 25¹3*

1246 2089 1346 2110 tamen
1359 2079 1457 2110 fuerit.
1501 2082 1592 2110 Natus
1603 2047 1751 2118 {ranqpro
1765 2057 1920 2118 p'raediftis
1935 2048 2106 2114 r'ationibug,
2118 2046 2193 2109 ιΓΠερὶ.-

1246 2122 1350 2152 lanicus
1365 2120 1556 2162 Mitylenaeas
1573 2120 1683 2162 Olymp.
1699 2129 1778 2151 Lxx.
1793 2129 1821 2160 4.
1862 2123 1965 2160 ltaque
1985 2129 2015 2150 vt
2034 2119 2134 2151 saltem
2153 2121 2193 2151 vi·

1247 2164 1381 2205 cenarius
1398 2163 1534 2193 Hecataeo
1555 2161 1741 2193 innotescere
1756 2163 1904 2203 potuerit,
1925 2160 2041 2193 neceffe
2061 2171 2139 2198 erat,
2161 2169 2192 2194 vt

1247 2205 1284 2236 ad
1306 2205 1426 2245 Olymp.
1451 2214 1551 2236 Lxxv.
1570 2214 1598 2244 4.
1622 2204 1778 2244 pertigerit
1799 2204 1958 2234 Hecataeus.
2002 2206 2046 2234 Ita
2065 2214 2083 2235 a
2103 2205 2194 2234 Darii

1248 2246 1429 2288 Hystafhidae
1452 2247 1635 2286 temporibus
1653 2248 1742 2286 primi
1767 2247 1921 2285 coeperint
1942 2245 2083 2285 Historici.
2134 2245 2193 2277 Sed

1250 2289 1352 2319 Cadmo
1367 2290 1464 2329 potius
1480 2287 1588 2324 Milesio
1602 2289 1748 2319 Historiae
1763 2289 1969 2318 inuentiunem
1982 2288 2085 2319 tribuit
2100 2288 2129 2321 ἂ)
2142 2287 2195 2319 ΡΙί-
2238 2304 2239 2310 1

1250 2333 1321 2368 nius,
1342 2341 1429 2370 quem
1443 2331 1534 2361 etiam
1553 2327 1645 2371 ipsum
1661 2331 1750 2371 paulo
1765 2328 1879 2366 Persicis
1890 2330 2084 2369 antiquiorem
2099 2330 2195 2361 statuit
2215 2328 2220 2332 ’
2238 2339 2239 2345 ’

1252 2372 1386 2414 Iosephus.
1428 2372 1556 2412 Vtrique
1572 2371 1752 2414 Pherecydem
1767 2371 1899 2411 adiungit
1914 2371 1943 2405 Ι)
1955 2371 2071 2410 Strabo,
2092 2372 2196 2403 habet-

1252 2425 1312 2455 que
1326 2425 1378 2455 pro
1398 2415 1499 2454 primis
1517 2415 1657 2445 orationis
1671 2413 1780 2454 Jblutae
1795 2412 1975 2445 Auuoribun.
2019 2415 2206 2454 Quanqum.

1253 2467 1326 2499 ergo
1343 2456 1381 2487 de
1398 2456 1505 2506 homine
1521 2456 1631 2487 varient
1654 2457 1798 2493 inuicem,
1820 2465 1874 2495 pro
1894 2465 1977 2486 more
1993 2453 2070 2486 hisce
2085 2464 2197 2496 tempo-

1317 2526 1395 2556 eydid.
1465 2525 1494 2558 b)
1510 2532 1524 2548 e
1539 2524 1658 2556 Pamphila
1672 2524 1761 2548 Gellius
1773 2531 1822 2548 xv.
1839 2530 1880 2554 23.

1399 2559 1403 2564 ·
1948 2524 1971 2557 ι’)
1990 2524 2057 2549 Sum.
2072 2523 2199 2551 ‘tn-raros.

1318 2558 1347 2593 11)
1366 2559 1430 2584 Pha.
1444 2558 1482 2584 N.
1499 2557 1535 2583 Η.
1551 2565 1613 2584 vu.
1633 2557 1676 2591 56.

1742 2557 1770 2592 1)
1789 2557 1876 2582 Ser-ab.
1892 2557 1923 2582 1..
1940 2565 1964 2584 1.
1979 2565 2009 2591 p.
2025 2562 2066 2588 18.
