2166 2777
440 62 733 116 HENRICI
758 25 1106 116 STEPHANI
1136 62 1551 119 PRAEFATIO,
1858 75 1999 106 :cnm

43 174 228 222 bet-nanda
254 171 357 222 classe
381 172 590 226 plurimum
606 170 898 212 Athenienfibus
912 169 1108 225 profuere.
1168 171 1289 224 Qod
1315 174 1482 213 maxime
1507 169 1741 212 declarauere
1764 170 1993 222 Syracusani,

21 234 24 238 “
41 234 108 286 qui
125 230 334 285 concordes
352 231 448 269 inter
464 229 513 280 se,
542 227 825 282 praeclariffime
851 228 1176 281 belligerauerunt.

373 343 710 382 SEYSSELLH
739 341 1014 382 GALLICA
1042 329 1314 382 1NTERPR.
1344 342 1415 380 Ex
1441 341 1655 382 VALLA.

141 413 232 472 Mitis
254 431 297 471 les
320 432 578 473 Lacedemoniem
601 445 637 470 en
662 426 728 469 ‘ceci
748 437 778 468 et
799 445 834 468 m
855 430 1008 484 plsfieurs
1032 438 1139 470 autres
1162 429 1265 483 clzoses
1279 429 1399 483 furent
1422 431 1522 469 moult
1545 431 1632 469 utiles
1653 444 1721 469 aux
1746 431 1926 475 Atheniens,
1957 434 1989 467 et

39 487 230 531 mesmement
244 503 334 541 pour
358 489 391 525 la
412 488 573 526 multitude
599 495 628 525 et
642 487 788 538 diver-fit?
809 487 862 526 des
881 500 962 536 gens
979 489 1035 540 qui
1056 487 1193 539 estoyent
1206 502 1242 526 en
1263 488 1330 525 leur
1345 490 1550 540 compagnie:
1579 488 1707 540 lesquels
1732 489 1866 540 estoyent
1889 487 1989 524 moult

39 545 188 600 diffitens
209 546 246 583 de
260 544 387 582 volonte‘
399 551 428 582 et
442 545 478 582 cle
494 546 628 582 mmziere
646 544 683 582 de
705 546 812 584 viarm
845 557 901 581 cm·
915 545 964 582 les
976 557 1031 581 uns
1048 545 1184 597 estoyent
1203 543 1380 592 souhdctins
1404 552 1434 582 et
1453 545 1599 593 diligens,
1628 545 1672 582 les
1696 552 1800 582 autres
1817 542 1937 595 tas-diss
1955 549 1986 579 et

38 601 204 655 musards:
231 602 271 640 les
287 615 343 639 uns
359 602 480 650 hae-dis,
509 607 540 638 et
561 600 601 638 les
616 608 721 638 autres
740 599 910 652 traintiss;
934 607 962 638 ez·
980 600 1170 652 mesmement
1196 601 1346 638 touchant
1366 601 1392 638 le
1407 598 1497 653 fais?
1514 601 1551 637 de
1567 601 1600 638 la
1617 615 1682 638 ruer
1695 601 1833 652 cstoyent
1849 599 1986 651 souvent

0 664 5 679 ““
39 673 76 697 en
93 657 242 710 distorti:
269 661 325 710 qui
345 658 484 696 redonda
498 671 540 694 au
551 657 664 705 grand
677 658 817 711 prouffit
834 659 887 694 des
907 657 1089 694 Atheniens.
1148 657 1196 694 Et
1211 656 1275 693 cela
1288 656 1328 707 fi
1340 664 1417 708 peut
1433 658 1503 694 bien
1519 657 1697 709 cognoistre
1708 671 1775 707 par
1792 658 1830 694 les
1845 656 1990 707 Syracu-

30 714 147 769 sains:
172 713 302 768 lesquels
313 721 471 765 poariam
487 713 580 767 qu't'ls
599 713 736 766 qstoyent
752 720 823 751 tous
837 712 915 751 d'un
932 713 1052 752 accord
1064 719 1093 751 et
1108 713 1199 750 d'une
1214 712 1350 763 volante,
1367 714 1472 766 flrent
1487 713 1524 751 de
1532 714 1677 764 grandes
1694 713 1809 765 clzoscs,
1833 719 1861 750 et
1879 717 1989 750 curent

3 782 5 784 ’
38 771 76 810 de
88 770 178 810 belles
194 770 351 810 vizroires.

274 883 483 923 EADEM
516 883 852 924 SEYSSELLII
881 883 1152 923 INTERPR.
1182 882 1419 922 LATINE
1451 883 1746 923 REDDITA.

138 972 209 1014 Sed
220 973 513 1023 Lacedaemonii
532 981 608 1013 tam
626 975 665 1012 in
683 972 753 1013 hac
769 986 812 1013 re
831 986 945 1026 quam
962 975 1002 1012 in
1016 971 1094 1012 aliis
1112 971 1239 1012 multis
1257 971 1737 1013 vtiliffimiAthenienfibus
1755 971 1988 1020 exstiterunt,

36 1030 273 1084 potiffimum
295 1043 387 1070 vero
404 1028 457 1070 ob
484 1029 769 1070 multitudinem
797 1028 1125 1083 diuerlitatemque
1155 1028 1360 1068 hominum
1379 1042 1449 1069 eos
1468 1033 1748 1075 comitantium,
1774 1031 1841 1082 qui
1859 1027 1988 1066 studiis

37 1097 75 1128 et
89 1086 260 1127 moribus
286 1086 395 1127 valde
420 1088 518 1127 inter
528 1085 569 1126 se
588 1085 827 1133 differebant3
858 1085 920 1126 alii
938 1089 1042 1126 enim
1065 1085 1204 1125 celeres
1229 1088 1420 1139 gnauique
1443 1096 1557 1136 erant,
1580 1087 1641 1126 alii
1664 1086 1756 1125 tardi
1780 1094 1817 1125 et
1835 1083 1991 1124 cunsta-

38 1143 175 1187 bundi:
201 1142 314 1183 etalii
331 1143 501 1193 audaces,
531 1143 592 1182 alii
610 1142 755 1182 timidi:
784 1146 950 1182 maxime
968 1155 1058 1182 vero
1075 1142 1122 1181 de
1146 1141 1257 1182 rebus
1273 1141 1319 1181 ad
1337 1156 1415 1181 rem
1438 1143 1608 1184 naualem
1627 1139 1899 1196 pertinentibus
1915 1140 1992 1180 sae-

37 1213 86 1254 pe
103 1202 199 1239 inter
217 1199 253 1239 se
270 1198 547 1243 dissentiebant:
576 1198 683 1252 quod
698 1201 873 1238 maximo
888 1196 1180 1239 Athenienfibus
1196 1197 1464 1238 emolumento
1479 1197 1562 1240 fuit.
1623 1201 1752 1253 Atque
1768 1199 1843 1238 hoc
1858 1211 1907 1237 ex
1927 1200 1992 1247 Sy-

38 1252 220 1303 racusanis
245 1253 352 1295 facile
375 1255 555 1306 cognosci
581 1265 705 1308 queat,
735 1258 801 1308 qui
824 1255 930 1308 quod
955 1254 1166 1295 concordes
1194 1263 1233 1294 et
1252 1257 1445 1295 vnanimes
1469 1255 1593 1302 effent,
1622 1269 1679 1297 res
1700 1267 1852 1308 magnas
1871 1252 1988 1309 gesse-

35 1319 136 1364 runt,
167 1311 443 1365 praeclarasque
464 1310 639 1351 vidiorias
654 1311 778 1364 adepti
800 1310 898 1350 sunt.

345 1425 593 1467 NOSTRA
629 1403 1136 1466 1NTERPRETAT10
1163 1408 1317 1466 Graecis
1343 1424 1466 1466 verbis
1492 1422 1669 1467 infistens.

137 1509 280 1548 Verum
303 1521 382 1548 non
401 1507 464 1548 hic
481 1517 627 1548 tantum
645 1507 932 1549 Athenienfibus
950 1508 1195 1549 commodius
1212 1508 1285 1548 fuit
1300 1507 1442 1550 bellum
1460 1509 1635 1550 aduersus
1656 1508 1986 1549 Lacedaemonios

3 1567 6 1579 '
37 1577 151 1619 qnam
166 1564 262 1605 vllos
280 1564 373 1605 alios
386 1578 525 1617 gerere,
544 1565 606 1605 sed
623 1574 660 1605 et
676 1564 763 1614 alibi
779 1565 894 1618 saepe.
953 1567 1089 1617 Qum
1105 1567 1208 1605 enim
1225 1565 1329 1605 valde
1347 1566 1495 1606 diuerso
1515 1568 1670 1618 ingenio
1687 1566 1841 1618 praediti
1855 1564 1987 1616 efflent,

36 1620 88 1662 illi
103 1621 252 1673 celeres,
278 1620 588 1662 hi'cundiatores:
626 1621 678 1661 illi
695 1621 740 1661 ad
759 1622 913 1676 quiduis
932 1621 1228 1675 aggrediendum
1254 1625 1414 1674 promti,
1440 1623 1479 1662 hi
1495 1623 1630 1674 timidi,
1653 1636 1695 1662 ac
1712 1622 1925 1675 praesertim
1943 1623 1983 1660 in

33 1691 77 1723 ‚re
98 1677 244 1729 nauali,
271 1691 445 1730 magnam
467 1678 665 1719 vtilitatem
688 1678 900 1719 afferebant.
960 1678 1080 1730 Qsod
1110 1678 1320 1729 Syracusani
1345 1678 1597 1730 declararunt,
1637 1682 1703 1734 qui
1728 1694 1767 1719 vt
1791 1677 1984 1719 fimillimo

35 1734 270 1790 Athenierfihus
283 1737 441 1787 ingenio
456 1735 612 1788 praediti
630 1745 747 1787 erant,
775 1737 824 1775 ita
842 1736 988 1789 optime
1005 1737 1046 1775 in
1060 1735 1131 1776 suo
1146 1734 1322 1776 aduersus
1340 1735 1425 1776 illos
1440 1734 1540 1776 bello
1556 1736 1592 1777 se
1607 1735 1807 1788 gesserunt.

134 1817 270 1859 Viden'
287 1817 438 1870 [ιθὼς
458 1831 591 1860 verum
607 1818 692 1871 effe,
708 1818 815 1874 quod
831 1819 879 1859 de
893 1828 1059 1873 vtroque
1076 1819 1216 1859 horum
1234 1820 1481 1871 interpretum
1497 1817 1599 1859 dixi?
1625 1818 1773 1870 VIden’,
1788 1828 1828 1858 vt
1839 1817 1985 1859 Vallam

31 1872 192 1928 *quidem
213 1876 318 1928 prius
342 1877 381 1915 in
399 1889 567 1916 erronem
587 1876 758 1916 ariolatio
783 1876 844 1915 sua
865 1878 1025 1926 traxerit,
1053 1874 1259 1926 Seyffellius
1284 1885 1412 1916 autem
1436 1875 1573 1916 deinde
1597 1875 1705 1917 illum
1720 1889 1740 1916 a
1756 1875 1859 1916 Valla
1876 1875 1982 1914 sum-

36 1940 120 1970 tum
138 1929 406 1983 duplicauerit?
461 1932 656 1987 Siquidem
672 1947 793 1987 quum
811 1932 910 1973 Valla
927 1935 965 1972 in
982 1932 1198 1985 posterioris
1213 1931 1394 1972 duntaxat
1411 1935 1521 1985 partis
1539 1935 1846 1985 interpretatione
1862 1934 1984 1972 mani-

35 1984 125 2028 feste
139 1986 293 2036 errasset,
322 1998 453 2041 vtpote
467 1992 634 2042 priorem
657 1992 708 2030 ita
721 1988 899 2041 ambigue
923 1991 1195 2042 interpretatus,
1222 1999 1263 2028 vt
1282 1987 1434 2029 defendi
1452 1988 1570 2042 posset
1586 1988 1647 2039 <ab
1665 1992 1710 2029 iis
1727 1987 1887 2044 quidem
1901 2002 1981 2029 cer-

36 2052 85 2093 te,
113 2046 181 2098 qui
199 2043 387 2098 sequentia
405 2058 484 2086 non
510 2046 687 2098 legerent,
715 2049 755 2087 in
771 2045 912 2101 quibus
929 2055 1097 2086 mentem
1112 2046 1217 2086 suam
1233 2045 1507 2098 Thucydideae
1523 2056 1795 2098 repugnantem
1811 2045 1981 2095 detexit),

36 2098 110 2149 ille,
142 2098 280 2141 sublata
298 2104 407 2142 omni
426 2103 681 2154 ambiguitate,
710 2103 950 2155 apertiffime,
980 2112 1056 2143 tam
1074 2105 1113 2143 in
1127 2105 1246 2155 priori
1265 2116 1379 2158 quam
1396 2105 1435 2143 in
1452 2104 1648 2156 posteriori
1669 2112 1770 2155 parte
1786 2116 1805 2142 a
1820 2101 1982 2152 Thucy-

36 2155 132 2195 didis
157 2156 336 2198 sententia
359 2167 433 2198 tam
458 2159 591 2211 procul
614 2159 783 2205 disceffit,
814 2170 855 2199 vt
878 2162 916 2199 in
936 2159 1167 2210 Thucydide
1189 2172 1269 2199 non
1295 2159 1453 2213 amplius
1478 2159 1722 2210 'Thucydides
1745 2159 1982 2211 agnoscatur.

35 2211 146 2252 Nuda
162 2215 266 2253 enim
285 2213 490 2259 ver-borum
503 2215 625 2262 Vallae
639 2218 944 2269 interpretatione
968 2230 1049 2256 non
1065 2226 1281 2266 contentus,
1309 2216 1498 2271 quandam
1513 2218 1626 2256 etiam
1641 2216 1900 2256 diuinatricem
1917 2214 1984 2257 ade

35 2271 121 2309 iecit
136 2269 377 2322 paraphrafin.
437 2274 535 2312 Nam
553 2286 673 2325 quum
694 2278 749 2321 (vt
764 2276 802 2314 in
820 2269 899 2313 rem
915 2273 1144 2327 praesentem
1161 2276 1371 2318 veniamus)
1390 2273 1490 2313 Valla
1509 2272 1667 2323 dixisset,
1697 2274 1988 2326 Quodplurimum-

33 2326 177 2366 moribus
194 2329 277 2366 inter
291 2327 332 2381 se
349 2328 527 2382 dffrentes
551 2330 649 2381 efferat,
676 2331 734 2369 alii
758 2332 910 2384 properi
926 2339 996 2370 etc.
1014 2339 1188 2382 poterant
1201 2329 1304 2380 haec,
1335 2329 1420 2370 licet
1436 2343 1516 2369 non
1532 2330 1613 2369 satis
1630 2333 1781 2382 proprie
1797 2329 1903 2378 dieta,
1932 2328 1980 2367 de

8 2393 17 2397 “
34 2382 168 2422 Laced.
184 2392 223 2422 et
237 2382 525 2425 Atheniensium
545 2387 641 2425 inter
653 2385 687 2425 se
703 2387 910 2439 differentia
925 2401 1004 2426 non
1024 2390 1151 2427 minus
1167 2387 1322 2438 intelligi
1340 2385 1446 2433 (ficut
1462 2397 1500 2426 et
1514 2386 1695 2426 intellexit
1706 2383 1980 2435 Thucydides),

35 2451 151 2491 quam
175 2439 222 2478 de
238 2440 630 2481 Lacedaemoniorum
658 2443 754 2483 inter
775 2444 990 2496 semetipsos
1014 2443 1289 2496 discrepantias
1317 2443 1376 2483 sed
1401 2446 1586 2485 rationem
1609 2442 1818 2481 habendam
1843 2450 1979 2493 putans

33 2494 241 2544 Seyffel‘liua
259 2498 480 2552 eiua—quod
505 2512 599 2538 mox
625 2498 671 2538 de
687 2501 916 2549 Syracusanis
943 2498 1226 2552 per-:antithesin
1247 2500 1397 2548 dicitur,
1423 2503 1479 2553 qni
1503 2500 1671 2538 emeret-des
1688 2501 1772 2536 inter
1783 2498 1823 2552 fi'
1845 2507 1913 2536 etc.
1931 2511 1980 2537 ex

5 2590 8 2591 γ
31 2551 238 2604 posteriore
252 2562 353 2608 parte
369 2554 537 2607 priorem
554 2555 783 2607 emendauit,
812 2571 934 2612 quum
949 2559 1079 2612 potius
1095 2570 1144 2598 ex
1157 2559 1286 2611 priore
1301 2557 1549 2610 posteriorem
1565 2555 1769 2596 emendare
1785 2553 1981 2595 debuisset.
