2239 2818
205 55 269 95 476
884 53 923 83 H.

254 139 467 183 Anv-ssnnu
497 144 595 167 autem
621 138 856 181 περιφρκςικῶς
880 136 977 166 multis
1002 143 1072 165 nota
1100 133 1157 165 esse
1200 135 1295 174 λογίαι.
1315 134 1443 168 vocatur)
1473 132 1503 161 in
1526 140 1562 161 eo
1591 128 1650 161 effe
1671 129 1726 159 dici
1747 128 1846 168 poffit:
1882 136 1914 157 et
1937 126 2148 172 navigem-ig,

213 179 310 218 potest
332 177 515 221 siguificatiq:
542 190 596 218 pro
617 189 675 218 quo
697 180 797 208 Latine
821 179 926 208 dicitur
947 181 997 217 pei·
1017 176 1156 206 circumlo-
1201 186 1262 205 non
1278 175 1326 205 illa
1342 174 1479 214 quidem,
1503 182 1591 212 quam
1612 173 1804 210 metaphorae
1827 170 1998 209 permittere
2018 172 2068 199 mu
2088 167 2150 207 pos·
2180 179 2197 205 ’γ

214 221 388 260 quinionem,
414 221 475 258 vel,
497 219 749 260 circumloquendo.-
772 219 820 250 sed
835 230 923 259 quum
941 220 1034 249 vfitata
1051 218 1083 248 sit
1103 228 1160 248 vox
1202 216 1273 251 sunt,
1290 224 1320 247 et
1335 225 1411 255 quae
1426 216 1455 245 in
1469 215 1503 244 iis
1518 212 1676 250 excusatur,
1699 212 1747 242 sed
1761 223 1836 252 quae
1853 212 1975 241 omnino
1990 210 2088 240 vitiosa
2098 210 2148 240 est.
2193 215 2198 238 ζ
2216 212 2222 223 ²

217 263 330 292 Graeca
350 262 540 301 periphrasis,
562 262 749 302 frequentius
767 262 888 297 dicitur,
909 272 960 301 per
978 258 1160 301 periphrasin,

217 304 265 333 vel
285 313 344 333 cum
359 303 532 344 periphrafi:
553 313 611 339 aut,
634 303 806 333 aduerbium
822 305 954 335 Latinum
971 300 1107 333 faciendo
1124 311 1162 331 ex

218 346 349 380 Graeco,
369 345 574 385 periphrastice.
616 347 794 385 Exemplum
812 353 908 376 autem
930 346 1069 375 habemus
1090 344 1164 383 peri-

219 386 355 426 phrastici
379 389 497 427 generis
522 387 660 426 loquendi
683 387 811 427 mugire,
840 398 868 426 p.
889 395 955 423 103.
974 388 1028 416 col.
1046 395 1071 416 1.
1095 385 1110 423 ἡ
1132 383 1165 417 δὲ

220 427 317 462 εὔνοιαι
334 427 501 473 wagan-0722)
520 428 608 473 ἐπῄει
630 429 693 462 τῶν
708 427 884 475 α’νθςιιίπων
898 431 1023 471 μᾶλλον
1041 426 1071 464 ἐς
1094 423 1167 463 τούς

219 468 491 511 Λακεδαιμονίους,
521 472 560 500 vti
583 471 618 500 ab
638 470 698 509 ipso
721 469 868 501 scholiaste
890 478 1059 503 annotatur,
1088 480 1167 513 ‘ir-54⁷1-

222 513 403 561 (ῥξκςῑκῖῦς,
434 510 506 545 ἀντὶ
531 514 605 551 τοῦ,
636 512 774 549 εὐνοϊκῶς
793 507 879 554 εἶχον
899 515 964 547 τοῖς
978 508 1169 551 Λακεδαιμο·

222 565 300 590 νιοις-
348 554 402 583 Vbi
425 563 524 584 tamen
547 553 684 593 scriptum
705 555 740 584 ab
762 556 811 584 illo
831 552 916 584 fuiffe
939 561 1030 592 puto,
1056 551 1169 584 πολλῶ

222 596 347 638 μᾶλλον
367 593 506 633 εὐνοϊκῶς
525 591 628 638 εἶχον.
661 597 710 626 vel
733 594 816 628 πολιὶ
834 597 965 638 μᾶλλον.
1009 584 1169 624 Caeterum

223 637 367 676 quaedam
390 637 426 667 ab
450 648 486 667 eo
513 648 567 677 per
590 637 772 677 periphrasin
794 638 868 668 dicia
894 635 1025 670 censeri,
1054 636 1084 664 in
1110 635 1171 673 qui·

223 677 280 750 bug
306 686 405 710 tamen
425 679 599 720 periphrasis
620 689 682 710 non
702 678 786 718 poffit
808 677 939 720 agnosci,
963 677 1016 708 suis
1038 677 1107 707 locis
1123 676 1170 706 do-

225 730 261 752 ce
284 730 309 750 o.

268 764 379 792 Anor
409 758 528 804 ἔξωθεν
555 762 598 800 (id
622 762 663 793 est
691 761 873 802 exrrinficm)
900 761 999 792 dicunt
1025 759 1173 790 interdum

225 800 392 834 scholiastae
405 806 444 839 id,
466 804 543 843 quod
559 803 760 842 ὑπακούετοιι,
782 804 811 833 id
828 804 880 838 est,
901 801 1075 833 subauditur.
1117 803 1174 831 Hic

226 855 298 875 vero
316 856 352 876 eo
369 846 510 876 aduerbio
529 855 558 876 et
579 856 644 876 cum
662 847 718 876 hoc
735 843 794 884 ipso
811 845 917 884 verbo,
939 854 968 874 et
984 855 1048 875 cum
1066 843 1174 873 bicom-

225 887 319 926 polito
340 889 435 916 vritur.
482 889 529 918 Sic
549 898 576 927 p.
591 893 661 927 248.
681 888 733 917 col.
750 897 778 918 2.
799 887 1058 932 προσυπκκοῑῖσοιι
1078 884 1111 918 δὲ
1133 883 1182 918 δεῖ

227 927 347 976 ἕξῳθεν
369 927 422 966 vd,
446 927 501 961 nal
523 926 572 962 διαὶ
592 930 686 962 τοῦτο
708 927 899 962 ἐκπίπτουσι
921 930 974 967 τ’ἧς
998 927 1174 971 εὐπραγίαις-

227 971 286 1000 Vbi
301 972 389 1000 etiarn
407 970 622 1002 obseruandum
637 971 695 1009 est,
717 980 746 1001 vr
762 971 938 1002 sententiam
954 972 1100 1011 integram
1117 967 1176 998 sub-

227 1012 329 1043 audire
346 1012 396 1042 fibi
416 1014 573 1051 permittat.

270 1059 375 1085 Ano!
398 1056 444 1084 vel
465 1054 522 1084 dici
544 1053 692 1094 quidpiam
715 1052 904 1097 ἐξηγητικῶς
925 1061 1111 1085 enarratores
1134 1051 1178 1082 di-

230 1105 316 1131 cunt,
336 1106 426 1135 quum
443 1095 504 1135 ipse
519 1095 638 1135 scriptor
652 1097 682 1126 in
697 1097 745 1132 iis,
768 1106 841 1135 quae
855 1095 1002 1136 subiungit
1018 1096 1078 1128 illis.
1101 1103 1177 1133 quae

229 1139 289 1168 iam
310 1138 396 1174 dixit,
418 1138 476 1177 fest,
491 1139 571 1168 velut
591 1137 630 1167 sui
651 1138 813 1177 expositor-3
843 1148 911 1167 nam
928 1136 1117 1180 ἐξηγητικῶς
1133 1145 1182 1164 ex-

229 1179 358 1220 pofitorie
382 1178 470 1212 sonat.
521 1181 578 1209 Hic
598 1189 669 1209 vero
689 1179 777 1218 saepe
801 1179 854 1209 hac
881 1178 920 1209 de
940 1189 971 1208 re
994 1178 1064 1208 dicit
1086 1178 1180 1212 etiam,

233 1219 414 1262 ἐξηγητικόν
434 1219 481 1259 ἐςι
500 1222 596 1253 τοῦτο
613 1222 687 1259 τοῖ’),
710 1221 851 1260 sequente
866 1221 954 1251 verbo
970 1229 1019 1249 aur
1037 1218 1181 1258 sequenti-

231 1263 287 1294 bus
306 1263 410 1299 verbis,
433 1263 469 1293 ad
486 1273 609 1302 quorum
624 1263 838 1301 expositionem
852 1263 923 1292 illud
940 1264 984 1291 vel
1000 1262 1047 1291 illa
1064 1261 1182 1300 scriptor

230 1302 292 1344 ipse
308 1305 413 1335 adiicit.
456 1306 503 1335 Sic
518 1316 544 1344 p.
561 1313 629 1344 249.
644 1306 698 1334 col.
714 1314 741 1336 2.
766 1302 944 1346 ὲξηγητικδν
962 1302 999 1336 δέ
1009 1303 1054 1342 ἐςι
1073 1303 1182 1341 τοῦτο,

233 1347 305 1394 τοῦ,
329 1344 498 1392 σωφρόνων
520 1345 553 1379 δὲ
574 1345 700 1390 ἀνδρῶν,
724 1345 833 1383 οἵτινες
855 1345 898 1378 τοὶ
918 1345 970 1386 οἷ’γ.
987 1353 1040 1375 etc.
1084 1346 1168 1382 Quin

232 1396 321 1419 etiam
336 1389 404 1418 dicit
414 1410 422 1423 ,
445 1389 539 1420 τοῦτο
558 1386 736 1432 ἐξηγητικόν
750 1385 797 1426 ἐςι
811 1389 867 1420 τοῦ
881 1387 1047 1431 προτέρου,
1069 1397 1097 1425 P·
1113 1394 1182 1425 243·

234 1430 288 1461 col.
304 1438 331 1460 2.
377 1432 501 1459 Necnon
524 1429 582 1469 ipso
600 1430 689 1459 verbo
704 1429 890 1472 §gmeth-«9121
910 1435 941 1467 (a
959 1439 1017 1468 quo
1036 1429 1082 1457 illa
1103 1437 1182 1456 voca-

235 1471 304 1502 bula
318 1472 487 1511 manarunt)
506 1471 557 1501 hac
574 1471 612 1501 de
627 1482 660 1501 re
676 1481 887 1510 nonnunquam
907 1472 1001 1507 vritur,
1027 1478 1054 1498 vt
1070 1481 1097 1509 p.
1113 1477 1183 1508 250.

235 1515 289 1544 «ol.
306 1522 332 1544 1.
353 1513 390 1545 τό
410 1510 691 1546 διοικινδυνεύεο-θαι
712 1511 876 1555 ἐξηγεῖται,
920 1512 967 1542 Est
982 1521 1078 1541 autem
1095 1521 1184 1540 vnum

237 1566 275 1586 ex
298 1557 460 1594 praecipuis
484 1555 552 1584 boni
576 1555 745 1594 expositoris
769 1554 819 1591 (fic
835 1564 906 1584 voco
926 1555 1052 1592 peritum
1075 1562 1104 1582 et
1124 1553 1174 1582 dili

238 1601 375 1638 gentem)
393 1597 510 1635 officiis,
533 1596 707 1635 admonere,
730 1596 777 1626 vbi
794 1595 912 1636 scriptor
927 1594 987 1635 ipse
1008 1605 1046 1625 eo
1067 1594 1185 1624 funRus

237 1638 333 1669 officio
355 1639 453 1670 fuerit.

280 1684 518 1711 Anvmaenns
537 1681 695 1724 περιττῶς
717 1688 747 1710 et
767 1675 989 1724 παρελκόντως
1009 1688 1073 1708 cum
1094 1677 1186 1708 verbo

237 1724 369 1755 κεῖσθαι
391 1723 491 1757 mitur,
515 1722 552 1752 de
573 1724 623 1757 iis,
646 1732 723 1761 quae
743 1721 955 1761 superuacanea
971 1720 1048 1756 sunt,
1072 1719 1141 1749 ficut
1157 1728 1188 1750 et

239 1775 276 1795 ea
295 1761 434 1808 περιττοὶ
455 1759 544 1800 εἶναι,
568 1765 614 1795 νεὶ
635 1764 806 1808 παρέλκειν
824 1763 907 1793 dicit:
938 1762 1187 1801 quemadmodum

238 1814 327 1836 antea
352 1806 446 1836 docui.
494 1808 559 1836 Hoc
581 1815 692 1836 tantum
715 1806 807 1839 addo,
840 1804 946 1834 alicubi
967 1805 1007 1834 illi
1031 1805 1188 1848 περιττῶς

239 1857 394 1888 opponere
409 1846 593 1888 ἀναγκαίως.
637 1848 730 1876 Vnius
747 1845 843 1876 saltem
859 1847 915 1875 loci
931 1847 1060 1882 memini,
1080 1845 1187 1884 qui-est

238 1901 269 1930 p·
283 1899 353 1928 251.
378 1891 431 1920 col.
450 1899 473 1921 ι.
499 1889 513 1922 ὁ
535 1890 567 1923 δὲ
585 1888 638 1922 καὶ
659 1884 826 1930 σύνδεσμος
849 1887 882 1920 οὐ
901 1889 1058 1932 περιττῶς
1077 1890 1189 1925 κεῖται,

239 1930 316 1968 ἀλλ’
334 1931 519 1972 ἀναγκαίως.

283 1975 372 2004 ΕνΜ
395 1975 457 2004 aliis
479 1975 566 2003 etiam
587 1972 734 2003 aduerbiir
757 1971 847 2002 verbo
868 1972 917 2001 illo
938 1972 1068 2004 κεῖσθαι
1084 1972 1188 2001 vtitur:

242 2026 369 2057 quorum
391 2026 410 2045 e
431 2025 556 2045 numero
581 2016 622 2046 est
643 2014 769 2056 κυρίως,
794 2014 822 2043 id
849 2014 890 2044 est
911 2015 1040 2052 proprie,
1077 2013 1138 2043 flue
1158 2013 1189 2041 in

240 2058 360 2100 propria
381 2055 585 2098 significatione.
636 2058 709 2085 Nam
735 2055 854 2094 aliquod
882 2055 1054 2085 vocabulum
1084 2055 1189 2084 dicitur

242 2099 350 2144 κυρίως
373 2101 520 2137 κεῖσθαι,
548 2098 639 2137 (quali
663 2099 727 2138 quis
749 2097 824 2127 dicat
844 2098 958 2136 proprie
978 2096 1094 2136 positum
1117 2095 1189 2135 effe)

243 2145 290 2173 cui
305 2140 368 2172 suus
384 2142 576 2181 propriusque
592 2141 673 2169 datus
691 2140 732 2170 est
746 2138 822 2169 vsus:
844 2138 1019 2177 vicillimque
1034 2140 1066 2170 oti
1082 2139 1189 2181 κυρίως

243 2185 394 2221 κεῖσθαι,
418 2193 477 2222 quo
491 2183 554 2221 quis
571 2183 608 2211 ita
625 2180 685 2211 vsus
704 2180 751 2216 fit,
780 2190 810 2211 vt
827 2181 915 2210 alium
934 2191 1018 2219 quam
1039 2181 1188 2219 proprium

244 2226 324 2255 vsum
348 2224 473 2254 dederit.
519 2226 623 2262 Neque
645 2233 714 2253 vero
740 2223 787 2252 hic
809 2223 959 2261 proprium
985 2220 1060 2251 vsum
1083 2222 1189 2251 intelli-

246 2277 320 2309 gere
344 2266 380 2295 de
403 2276 439 2296 eo
456 2273 585 2304 oportet,
615 2267 663 2304 qui
684 2264 883 2304 metaphorice
906 2265 1079 2302 opponitur,
1107 2263 1189 2297 (licut

232 2308 306 2346 >vde
323 2308 426 2353 κυρίοις
445 2306 548 2349 λέξεις
564 2306 695 2337 videmus
715 2309 786 2344 ταῖς
802 2308 1036 2349 μεταφορικαῖς
1057 2305 1105 2335 seu
1123 2310 1189 2348 τρ·

244 2353 354 2387 onnus}
375 2351 500 2388 opponi:
524 2357 554 2378 er
574 2348 644 2378 ficut
662 2350 698 2378 ab
719 2348 775 2378 hoc
797 2346 857 2387 ipso
880 2346 1027 2376 scliohaste
1046 2346 1191 2390 τροπικὸν

245 2393 341 2422 vocari
356 2390 525 2421 vocabulum
542 2389 714 2434 ςοςέσωμεν
726 2390 799 2427 dixi,
821 2399 910 2429 quum
926 2387 1034 2425 scribit,
1058 2388 1189 2418 omnium

245 2434 408 2476 τροπικῶν,
433 2443 508 2472 quae
523 2433 600 2470 apud
617 2432 824 2470 Thucydidem
841 2432 961 2467 exstant,
984 2430 1191 2460 vocabulorum

246 2475 305 2506 effe
320 2474 510 2513 dui-iffimum)
527 2473 574 2503 sed
594 2473 630 2503 de
648 2483 694 2509 eo,
710 2474 757 2512 qui
776 2470 876 2502 abusus
891 2473 993 2512 potius,
1014 2482 1099 2510 quatu
1116 2471 1189 2508 rsus,

250 2517 439 2557 appellandus
456 2516 502 2546 sit:
524 2515 599 2546 adeo
615 2515 644 2547 vt
658 2513 856 2560 οἷκυςιολογίοι
876 2515 968 2555 (quae
984 2515 1070 2555 vulgo
1088 2513 1190 2559 οἶκυςο·

987 50 1511 83 STEPHANt·

1205 259 1296 298 Atqui
1325 256 1546 296 reprehendere
1570 263 1668 285 tamen
1694 253 1773 284 suum
1803 252 2086 293 scriptorem-*audet
2113 252 2152 281 de

1204 300 1372 331 huiusmodi
1392 299 1627 337 improprietate,
1650 308 1677 335 p.
1689 301 1739 336 78.
1761 298 1815 327 col.
1833 304 1858 326 2.
1882 305 1912 324 tn
1930 295 2008 324 hunc
2022 294 2097 323 illius
2112 293 2154 323 lo'·
2190 294 2200 306 ²
2219 302 2221 306 ·

1205 352 1279 377 cum,
1302 338 1355 373 καὶ
1371 339 1425 372 οὐκ
1442 337 1538 380 ἴσμεν,
1558 338 1642 376 ὅπως
1655 337 1735 371 τάδε
1751 339 1840 382 τριῶν
1854 336 1917 369 τῶν
1932 334 2068 378 μεγίςων
2083 333 2155 376 ξυμ·

1208 384 1313 426 Φαρῶν
1330 382 1383 415 οὐκ
1399 381 1616 419 ἀπήλλακται,
1639 380 1807 423 ἀξυνεσιέις,
1828 376 1846 417 ἢ
1860 378 2030 421 μαλακίαις,
2054 376 2069 414 ἢ
2085 376 2155 418 οἱμε·

1208 430 1302 460 λείας.
1352 426 1424 453 Nam
1449 422 1558 460 scribit,
1590 421 1628 452 de
1655 431 1725 451 voce
1749 421 1917 466 ξυμφορῶν
1939 421 2079 458 loquens,
2113 417 2157 450 ἐν·

1210 467 1322 499 ταῦ-θα
1337 464 1369 497 οὖ
1389 469 1491 497 ›teir-ou
1507 465 1614 507 κυρίως
1633 463 1648 501 ἡ
1665 463 1765 504 λέξις,
1787 461 1873 495 οἷλλοὶ
1893 456 2058 504 ξυμφοξοῖν
2074 457 2158 499 Φησὶ
2174 480 2178 481 ⁷
2202 473 2205 478 ·

1211 507 1266 546 τὴν
1289 506 1409 539 κακίαν.
1452 505 1510 536 Sed
1533 503 1668 535 aduersus
1693 505 1767 535 hanc
1787 503 1999 535 accusationem
2028 502 2157 532 conabor

1212 550 1253 580 ibi
1274 548 1482 588 Thucydidem
1504 546 1677 577 defendere.

1255 594 1312 623 AT
1336 600 1404 619 vero
1423 589 1591 619 aduerbium
1615 586 1826 631 ἀντιφορικῶς
1845 597 1956 617 nouum
1979 586 2101 616 omnino
2121 585 2161 614 vi·
2204 614 2223 618 ,ς

1214 633 1280 664 deri
1295 633 1388 672 poffit,
1411 641 1470 671 quo
1484 633 1572 661 vtitur
1585 631 1615 660 in
1630 641 1657 669 p.
1679 633 1746 670 176.
1777 629 1821 659 lbi
1836 630 1914 659 enim
1929 630 1958 658 in
1972 628 2044 658 haec
2059 627 2159 661 rerba,

1214 673 1386 719 προθύμως
1407 674 1512 706 ταῦτα
1533 670 1701 716 ἔπρασσον,
1728 679 1900 701 annotatum
1920 670 1980 708 est,
2002 669 2164 713 εἰν-νιφομ-

1215 719 1277 753 κῶς
1294 713 1390 752 εἶπεν,
1412 714 1484 748 ἀντὶ
1499 716 1570 751 τοῦ,
1595 715 1626 746 οὐ
1641 711 1822 759 προθύμως.
1864 712 1922 743 sed
1937 712 2160 751 aenigmaticum

1217 758 1355 797 quiddam
1379 758 1491 788 habere
1512 757 1569 786 dici
1591 761 1746 795 queatr(vt
1764 755 1882 794 opinor)
1907 754 1980 783 haec
2001 752 2177 782 annotatio..

1217 802 1308 832 Cuius
1322 799 1365 829 rei
1380 798 1491 829 causam
1506 797 1564 828 effe
1582 806 1660 837 puto,
1677 797 1754 837 quod
1769 798 1798 826 in
1815 797 1868 826 alia
1883 806 1969 835 quam
1984 794 2056 824 haec
2070 793 2160 823 verba

1217 842 1320 880 scripta
1341 842 1387 871 illa
1407 840 1492 871 effer:
1517 849 1546 869 vt
1563 839 1721 875 ostendam,
1744 848 1832 878 quum
1849 838 1884 867 ad
1899 838 1996 867 locum
2015 837 2097 866 illum
2114 845 2166 866 ve·
2188 864 2203 869 Δ,

1217 894 1302 914 nero.
1350 884 1442 915 Simul
1469 892 1539 912 vero
1567 890 1597 911 et
1622 882 1660 911 de
1677 881 1770 911 ‘huius
1794 879 1924 910 aduerbii
1951 877 2206 929 fignificationffl

1219 926 1345 956 dicturus
1361 925 1412 955 tibi
1428 923 1486 954 sum
1502 924 1579 963 quod
1595 922 1698 954 sentio.
2119 925 2132 936 ·

1262 971 1344 998 ADv
1356 975 1508 996 nnurvm
1529 963 1652 1007 μήποτε
1668 961 1734 1003 (nisi
1753 963 1848 1003 potius
1862 959 1904 1003 μή
1921 973 2002 995 ποτε
2022 959 2164 990 disiunfile

1220 1008 1404 1040 scribendum
1423 1008 1477 1047 est)
1500 1008 1593 1037 omitti
1616 1007 1662 1036 hic
1685 1016 1745 1036 non
1767 1005 1872 1034 debet:
1895 1014 1954 1043 quo
1975 1003 2065 1033 etalii
2087 1000 2166 1032 scho-

1219 1051 1319 1081 liastae
1342 1058 1478 1084 Vtuntur,
1507 1050 1694 1087 multumque
1720 1048 1830 1087 gratiae
1852 1046 1882 1075 in
1904 1043 2097 1085 proponenda
2121 1042 2168 1072 sua

1221 1093 1404 1122 dubitatione
1428 1100 1458 1120 et
1479 1092 1646 1120 conieflura
1668 1089 1766 1118 habet.
1814 1088 1873 1118 Sed
1895 1087 2038 1117 eiusmodi
2057 1086 2111 1121 est,
2138 1092 2167 1115 vt

1223 1136 1328 1165 Latine
1350 1133 1537 1172 interpretari
1566 1142 1625 1162 non
1648 1130 1746 1170 pollis,
1778 1130 1818 1159 ita
1839 1129 1972 1168 quidem,
1999 1137 2028 1159 vt
2047 1123 2184 1158 verbum*

1224 1175 1313 1206 v‘erbo
1335 1175 1447 1205 reddas.
1489 1175 1558 1204 Eius
1575 1173 1651 1203 vsum
1671 1172 1761 1202 habes
1784 1182 1812 1211 p.
1834 1172 1883 1203 60.
1906 1171 1960 1201 col.
1983 1179 2008 1202 1.
2029 1170 2076 1199 vbi
2099 1170 2167 1199 licet
2198 1170 2203 1177 ‘

1224 1217 1463 1257 interrogationis
1485 1225 1553 1245 nota
1574 1215 1711 1251 orationi,
1735 1213 1779 1243 cui
1794 1213 1955 1243 adhibitum
1970 1213 2028 1249 est,
2056 1221 2116 1242 non
2132 1208 2166 1241 stt

1225 1258 1360 1299 apposita,
1383 1258 1445 1288 sunt
1461 1267 1570 1292 tamen,
1587 1258 1637 1296 qui
1653 1267 1716 1286 eam
1735 1255 1900 1285 huiusmodi
1916 1255 1987 1285 locis
2001 1259 2166 1293 apponunt:

1224 1302 1349 1341 perinde
1365 1310 1395 1330 ac
1410 1299 1428 1329 fi
1445 1310 1478 1329 ea
1493 1297 1637 1329 orationis⁴
1647 1298 1740 1328 forma
1755 1296 1835 1334 effer,
1859 1306 1934 1336 quae
1948 1296 2005 1333 est,
2025 1305 2115 1335 quum
2129 1293 2177 1324 di:

1225 1344 1312 1380 citur,
1335 1341 1416 1380 Quid
1427 1340 1453 1377 fi
1467 1342 1506 1370 ita
1524 1339 1567 1370 lzic
1582 1340 1652 1370 locus
1668 1339 1849 1379 exponatur?
1869 1342 1909 1370 At
1923 1338 1941 1368 si
1957 1337 2177 1378 interrogatio&

1226 1386 1281 1414 dici
1299 1395 1358 1414 non
1375 1383 1569 1418 existimetur,
1592 1381 1714 1412 verbum
1734 1380 1853 1419 aliquod
1874 1379 2077 1410 subaudietur:
2107 1387 2169 1417 per-

1221 1426 1297 1456 inde
1321 1435 1354 1454 ac
1375 1425 1392 1454 si
1421 1425 1582 1462 diceretur,
1610 1423 1755 1452 videndum
1778 1431 1824 1456 ne,
1859 1423 1920 1457 vel,
1947 1421 2010 1450 viole
2033 1429 2079 1457 ne,
2109 1419 2168 1454 vel,

1225 1468 1370 1499 videndum
1388 1476 1451 1495 vero
1465 1476 1512 1495 ne:
1539 1476 1627 1504 quum
1643 1466 1748 1494 dicitur
1765 1460 1807 1506 μή
1820 1474 1902 1495 ποτε
1919 1460 1960 1495 δέ·

1267 1514 1488 1541 ADVERBJO
1511 1505 1615 1544 ἄλλως
1635 1507 1766 1536 vltimum
1790 1507 1885 1535 locum
1904 1503 1997 1538 dabo,
2026 1501 2105 1540 qued
2127 1501 2171 1532 his

1228 1551 1341 1582 scholiis
1364 1561 1428 1579 cum
1452 1550 1513 1579 aliis
1535 1551 1684 1588 plerisque
1707 1553 1752 1584 (ac
1773 1546 1895 1576 fortassis
1918 1544 2070 1583 omnibus)
2092 1554 2111 1580 c·
2128 1554 2172 1574 m-

1228 1603 1319 1623 mune
1337 1592 1392 1622 est:
1416 1592 1507 1630 iisque
1527 1592 1598 1621 locis
1618 1588 1782 1630 appositum
1802 1588 1953 1618 inuenitur
1975 1589 2054 1627 (non
2073 1595 2084 1616 t
2132 1595 2173 1616 en

1229 1634 1350 1674 vbique)
1379 1635 1409 1663 in
1438 1643 1509 1672 quos
1539 1632 1679 1671 expofitio
1706 1630 1816 1670 duplex
1847 1627 1975 1659 affertur.
2024 1627 2066 1658 lbi
2092 1629 2173 1657 euim
2196 1631 2199 1633 '

1229 1677 1380 1717 posteriori
1396 1675 1452 1705 hoc
1467 1674 1639 1704 aduerbium
1655 1671 1765 1709 ἄλλως
1782 1670 1959 1711 praefigitur.
2001 1669 2091 1707 Quod
2107 1668 2126 1698 fi
2144 1676 2174 1700 et
2202 1685 2206 1687 -

1229 1720 1314 1749 tertia
1328 1717 1456 1751 accedat,
1479 1717 1535 1746 hoc
1548 1716 1719 1746 aduerbium
1736 1714 1892 1752 repetitur:
1916 1712 1935 1742 st
1955 1721 2024 1741 vero
2041 1711 2074 1740 ad
2091 1720 2174 1750 quar·
2193 1739 2196 1743 ,

1230 1769 1288 1791 tam
1304 1769 1394 1798 Vsque
1415 1759 1563 1794 veniatur,
1585 1759 1691 1787 iterum
1708 1756 1856 1795 repetitur.
1901 1756 2002 1791 Quum
2020 1762 2118 1783 autem
2136 1751 2175 1782 sa-

1230 1803 1265 1832 tis
1281 1810 1384 1832 notum
1403 1800 1449 1838 sit,
1472 1811 1510 1830 eo
1524 1799 1665 1838 aduerbio
1681 1800 1812 1829 Latinum
1829 1796 1911 1826 aliter
1927 1795 2089 1836 significari,
2113 1804 2175 1834 per·
2193 1814 2206 1827 ς

1230 1844 1301 1874 inde
1321 1843 1362 1874 est
1377 1852 1410 1872 ac
1427 1843 1445 1872 si
1469 1842 1631 1877 diceretur,
1653 1840 1734 1869 aliter
1750 1841 1832 1868 etiam
1854 1840 2005 1877 exponitur
2022 1836 2067 1867 liic
2086 1836 2174 1866 locus.-

1230 1888 1272 1915 ita
1294 1884 1425 1915 videlicet.
1471 1885 1540 1920 Vel,
1564 1883 1616 1912 alio
1635 1885 1717 1912 etia'm
1740 1881 1818 1911 modo
1840 1880 1890 1918 ista
1909 1887 2103 1919 exponuntur:
2125 1877 2174 1908 hoc
2200 1880 2202 1882 '

1229 1927 1361 1958 videlicet.
1404 1927 1536 1965 Ideoque
1551 1926 1585 1955 iis
1600 1925 1762 1961 vocabulis,
1783 1923 1889 1963 quibus
1906 1932 1972 1952 cum
1988 1920 2078 1961 enipfi
2092 1929 2176 1950 vtun-
2199 1957 2201 1959 ,
2236 1950 2239 1955 .

1231 1979 1292 2007 tur,
1329 1968 1584 1998 annumerandum
1616 1967 1671 1997 hoc
1701 1967 1759 2001 est,
1798 1973 1827 1995 vt
1851 1965 1938 2004 paulo
1961 1964 2024 2002 post
2051 1962 2206 1992 docebo„
2236 1959 2239 1969 ⁶

1231 2013 1392 2043 Caeterum
1410 2010 1445 2039 ab
1464 2011 1514 2045 iia,
1535 2010 1585 2049 qui
1606 2006 1716 2038 diuersa
1733 2004 1914 2037 diuersorum
1930 2004 2034 2035 scholia
2051 2005 2176 2044 college·
2200 2022 2205 2031 ψ,

1231 2061 1307 2089 runt,
1329 2052 1385 2082 hoc
1401 2051 1581 2088 adum-bium,
1605 2059 1742 2089 tanquam
1758 2052 1833 2091 nota
1864 2058 1920 2086 qua
1933 2045 2175 2082 discernerentur,
2202 2041 2208 2060 ἶ

1230 2097 1335 2135 potius,
1356 2103 1440 2133 quam
1457 2093 1493 2122 ab
1512 2093 1576 2132 ipsis
1591 2091 1752 2129 scholiastis,
1773 2089 1934 2129 appositum
1947 2087 2030 2119 suiffe
2050 2087 2175 2120 videtur.

1231 2137 1290 2168 Sed
1314 2146 1392 2166 noue
1415 2137 1444 2164 in
1473 2135 1599 2174 quodam
1623 2134 1728 2163 horum
1756 2131 1931 2162 scholiorum
1953 2132 2031 2165 loco,
2060 2130 2108 2167 qui
2135 2129 2177 2159 est
2217 2144 2239 2169 2,

1231 2190 1260 2218 p.
1279 2180 1325 2209 26.
1346 2178 1408 2217 post
1430 2178 1508 2206 illam
1532 2185 1633 2205 vocem
1652 2174 1758 2210 ἄλλως
1780 2175 1851 2203 alius
1868 2171 2028 2202 scholiastes
2050 2172 2176 2209 loquens

1231 2220 1440 2254 introducitur,
1462 2227 1493 2248 et
1511 2219 1652 2255 iis,·quae
1668 2217 1801 2255 proxime
1819 2214 2007 2253 praecedunt,
2030 2213 2189 2247 contradi·‚

1232 2272 1317 2292 cens:
1356 2261 1401 2290 vel
1430 2261 1525 2300 potius
1557 2259 1758 2288 contradicere
1789 2258 1898 2286 volem.
1954 2257 2026 2284 Nam
2052 2256 2103 2291 (vt
2133 2254 2174 2284 ibi

1234 2303 1368 2341 ostendo)
1395 2301 1413 2331 fi
1443 2303 1521 2332 bene
1544 2302 1748 2341 intelligantur
1773 2308 1848 2337 quae
1875 2296 2058 2336 praecedunt
2079 2296 2176 2333 verba,

1234 2343 1402 2375 consentire
1426 2345 1449 2374 is
1470 2353 1535 2373 cum
1557 2344 1607 2372 illo
1629 2341 1841 2381 comperietur,
1871 2349 1888 2372 a
1903 2349 1962 2378 quo
1983 2337 2012 2368 se
2030 2337 2217 2380 dissentire„

1233 2387 1396 2416 arbitratur.
1670 2410 1677 2415 ,

1273 2432 1299 2458 Α
1312 2438 1330 2458 n
1356 2435 1487 2457 VERBA
1510 2425 1653 2465 quaedam
1676 2423 1711 2454 ab
1732 2423 1786 2453 illis
1805 2421 1951 2452 aduerbiis
1970 2430 1999 2451 vt
2019 2429 2175 2458 trameam,

1231 2470 1347 2503 τοῖο-σει
1362 2468 1415 2506 τήν
1430 2467 1516 2509 λέξιν
1529 2467 1580 2501 ἐπὶ
1593 2465 1705 2499 τούτου
1715 2475 1807 2504 quum
1821 2464 1899 2500 dicit,
1919 2464 2067 2504 intelligit,
2086 2464 2193 2501 vritur?

1232 2512 1278 2543 illo
1307 2511 1434 2542 vocabulo
1460 2512 1489 2540 in
1516 2520 1546 2540 ea
1565 2507 1772 2549 fignificatione.
1826 2505 1953 2537 Perinde
1980 2515 2013 2536 ac
2044 2505 2063 2536 fi
2090 2505 2178 2540 dicas,

2223 787 2226 800 l
