2166 2777
320 47 1739 140 DV‘KER13PRAEFA'T10.
1943 87 2012 117 vn

73 198 160 229 turo
182 186 377 228 indicatiui
400 187 506 237 iungi
514 201 526 232 3
553 198 596 225 ac
619 183 784 238 denique
804 181 955 223 scribam
982 181 1190 232 monuisse,
1216 181 1446 222 Obseruantia
1474 181 1545 222 effe
1569 180 1771 231 nonnulla,
1802 190 1842 221 vt
1869 178 2009 236 ξίκαζον,

72 241 225 294 ὠφελίαι,
253 254 289 284 et
314 242 380 283 alia
401 241 596 296 quaedam.
665 243 726 280 De
749 243 898 280 Danico
922 239 1015 279 haec
1039 238 1226 292 scripserat
1247 238 1342 280 Clar.
1370 239 1575 278 Grammius:
1613 251 1704 279 eum
1729 237 1846 278 videri
1869 237 2008 280 habere

22 314 27 318 “
71 309 226 340 aetatem
241 309 497 340 trecentorum
512 311 715 348 annorum,
742 296 805 336 sed
826 298 864 336 in
883 294 1012 336 medio
1029 295 1145 335 Libro
1168 297 1304 349 quinto
1320 294 1393 336 effe
1410 295 1630 348 scripturam
1655 308 1789 334 manus
1805 294 1931 347 paullo
1951 308 2008 335 re-

29 352 32 355 ’
73 357 247 399 centioris
271 368 389 409 vsque
412 354 458 395 ad
479 355 609 394 finem.
666 356 822 392 Emtum
846 353 917 392 effe
942 354 1108 399 Venetiis
1130 353 1249 392 Anno
1276 365 1516 391 cmmcxmx.
1539 364 1557 391 a
1573 353 1666 391 Viro
1686 351 1817 390 Illustri
1839 353 2005 391 Frederico

42 406 286 465 ‘Rqstgam-do,
307 413 364 451 ‘ex
384 410 511 451 insulis
527 410 643 450 Sicilia
660 419 697 450 et
711 409 843 449 Melite
864 408 1021 455 reduce3
1051 422 1152 448 nunc
1168 418 1293 448 autem
1317 408 1387 448 esse
1405 407 1632 447 illustrissimi
1653 410 1815 449 Comitis
1834 408 2007 460 Christiani

70 467 290 521 Danesclziold,
318 468 480 507 Domini
498 463 668 507 Samsoae
686 475 754 506 etc.
813 467 882 504 His
898 463 1044 504 acceffit
1059 464 1195 505 Codex
1215 465 1292 505 MS.
1310 478 1331 504 e
1347 463 1578 504 Bibliotheca
1597 463 1822 504 Sereniffimi
1841 462 2007 515 Principis·

71 525 276 577 Landgravii
298 524 603 576 Haffl-Caffillani,
633 520 853 577 cuiusmihi
877 521 1072 575 quondam
1091 521 1276 560 indicium
1293 518 1429 560 fecerat
1454 525 1497 560 V.
1521 520 1577 561 Cl.
1604 522 1657 559 Io.
1680 523 1792 559 Herm.
1817 519 2006 570 Schminclce‚

72 579 334 620 aBibliotheca
359 580 554 631 Principis,
582 588 620 619 et
644 579 894 618 Historiarum
922 580 961 616 in
982 577 1185 617 Academia
1209 576 1461 629 Marburgenfi
1489 576 1684 616 Professor.
1743 579 1869 616 Huius
1888 576 2005 621 Vsum,

72 645 202 687 agente
218 635 280 676 illo
300 636 379 688 ipso
399 635 534 684 indice,
564 637 621 685 iis,
651 637 717 689 qui
737 636 775 674 in
792 634 904 674 literis
919 633 1057 688 aliquid
1074 643 1270 681 conantur,
1299 634 1344 673 ad
1364 635 1492 673 omnia
1512 633 1636 673 officia
1654 632 1892 685 paratissimo,
1924 645 2006 672 non

29 701 33 705 “
72 692 269 732 difficulter
288 705 306 732 a
327 692 566 732 Sereniffimo
582 693 762 743 Principe,
793 704 889 744 quae
907 701 981 730 erat
1000 690 1096 729 illius
1114 690 1323 740 clementia,
1348 700 1386 730 et
1400 689 1621 730 incredibile
1633 703 1674 730 ac
1693 688 1870 741 {iugulare
1887 701 2004 728 omne

71 761 189 800 genus
214 746 309 789 artes¹
328 762 369 788 ac
394 748 561 788 scientias
582 749 822 788 incrementis
845 747 1005 798 augendi
1028 746 1207 794 studium,
1235 749 1533 799 impetrauerunt
1556 745 1800 798 Bibliopolae.
1865 746 1922 784 13st
1940 745 2004 784 hic

70 804 163 845 liber
184 803 304 845 forma
332 808 506 852 maxima,
535 805 597 844 sed
621 803 793 858 quadrata
811 805 940 854 magis,
967 816 1081 857 quani
1108 803 1285 854 oblonga,
1308 802 1469 858 eleganti
1486 816 1597 842 manu
1623 805 1660 842 in
1681 802 1814 849 charta,
1845 801 2006 851 bomby-

71 863 152 900 cina
169 871 277 913 puto,
303 861 457 913 scriptus
472 859 569 901 adeo
585 860 704 905 densa,
732 870 772 898 vt
792 864 869 899 vno
887 859 1053 900 altcroue
1070 858 1159 899 loco
1176 859 1346 899 aduersae
1364 862 1517 912 paginae
1533 859 1659 899 versus
1679 859 1822 912 aliquot
1836 858 2004 910 scalpello

70 917 211 957 exstiffi
235 915 313 963 fint,
342 915 468 958 illaesis
494 916 675 958 omnibus
702 919 741 955 in
767 917 891 956 auersa
916 918 1037 957 literis.
1095 918 1139 955 In
1164 916 1239 956 fine
1265 930 1381 956 manu
1409 916 1559 966 vetusta,
1589 926 1625 955 et
1642 917 1763 955 minio
1788 915 1860 955 hae
1881 913 2004 955 literae

67 973 215 1027 scriptae
235 973 336 1014 sunt:

171 1045 1702 1109 ΨέολωωχΝεῖειῗΨΒωΗῌΙ-Ιολχαλχῑῖχτἵ]
1749 1059 1901 1101 τλχ.

71 1130 108 1170 Id
134 1127 196 1176 est,
226 1129 432 1170 secundum
458 1129 780 1182 cryptographiain
798 1129 1033 1170 librariorum
1052 1133 1300 1178 Graecorum,
1328 1128 1433 1182 quod
1451 1142 1471 1168 e
1490 1128 1568 1177 Cel.
1591 1128 1841 1183 Montesalconii
1856 1128 2003 1170 Palaeo-

69 1187 219 1241 graphia
236 1189 375 1228 Graeca
392 1199 474 1240 pag.
497 1193 588 1236 288.
607 1186 733 1237 didici,
761 1196 862 1229 τέλος
880 1185 935 1227 σὺν
948 1189 1018 1238 θεῷ
1035 1188 1095 1230 τῆς
1111 1185 1240 1233 βίβλου
1259 1183 1474 1226 Θουκυδίδου.
1533 1184 1624 1226 Inde

967 1270 987 1288 η

967 1294 1001 1313 νᾳ

557 1335 645 1390 Ετζ
702 1320 768 1386 3⁴1
851 1343 889 1377 Ψ
961 1318 994 1383 ζ
1215 1342 1252 1378 n
1308 1344 1337 1377 E
1398 1326 1436 1379 N'*
1481 1328 1521 1376 K

68 1432 225 1474 quarum
247 1418 339 1470 illae,
363 1417 527 1458 indicant
541 1417 677 1458 librum
695 1418 874 1471 scriptum
894 1418 964 1458 esse
982 1420 1082 1459 AM
1104 1420 1220 1471 6760
1247 1417 1322 1457 fiue
1340 1418 1474 1460 Christi
1500 1432 1614 1471 1252.
1630 1418 1674 1459 ad
1692 1432 1803 1474 quam
1820 1417 1896 1460 fere
1911 1429 2002 1460 aeta-

67 1487 143 1517 tem
163 1476 269 1516 illum
286 1473 524 1516 referendum
542 1474 612 1515 esse
629 1478 740 1514 etiam
758 1484 856 1525 ante,
887 1489 1001 1529 quam
1020 1489 1080 1515 eas
1105 1474 1437 1525 consideraueram,
1466 1489 1515 1514 ex
1536 1476 1608 1528 ipsa
1626 1474 1747 1516 forma
1770 1487 1806 1516 et
1823 1476 2000 1517 duc'libus

68 1535 258 1574 literarum
284 1545 372 1571 cum
393 1530 657 1584 speciminibus
679 1531 877 1584 scripturae
897 1533 1062 1572 Graecae
1091 1531 1233 1572 Saeculi
1252 1535 1327 1571 XII.
1347 1542 1384 1572 et
1399 1535 1490 1571 XIII.
1514 1535 1552 1570 in
1571 1533 1700 1572 eadem
1719 1533 2000 1586 Palaeograpbia

67 1598 363 1641 comparaturum
389 1590 646 1634 conieceran13
670 1587 740 1627 hae
756 1588 959 1641 quomodo
975 1588 1153 1641 explicari
1170 1587 1340 1639 debeant,
1372 1601 1439 1628 nec
1456 1588 1592 1630 Clariff.
1610 1590 1871 1642 Henfierlmfizis,
1885 1604 1998 1644 quem

66 1647 111 1687 de
127 1659 167 1685 ea
183 1659 221 1685 re
237 1644 513 1691 consulueram,
539 1658 608 1684 nec
624 1657 697 1695 ego
713 1644 836 1684 adhuc
854 1645 1074 1696 inuestigare
1092 1647 1287 1697 potuimus
1334 1649 1418 1685 Erat
1432 1648 1496 1699 qui
1516 1644 1769 1697 suspicaretur,
1790 1646 1861 1686 illis
1878 1646 1998 1687 deno·

65 1703 130 1743 tari
148 1699 410 1750 Indiclioneim
440 1700 487 1740 de
504 1714 582 1755 quo
600 1699 792 1746 videbunt,
817 1703 884 1755 qui
902 1701 1042 1741 multos
1061 1714 1174 1741 manu
1194 1711 1364 1741 exaratos
1383 1702 1544 1742 Codices
1565 1704 1730 1742 Graecos
1749 1702 1999 1754 inspexerunt.

32 1774 38 1777 ¹
66 1761 164 1799 Inter
188 1758 508 1810 cryptographiam
530 1767 566 1797 et
588 1768 717 1796 notam
735 1759 820 1796 anni
847 1767 1055 1797 atramento
1073 1758 1247 1810 scriptum
1265 1758 1317 1797 est
1332 1758 1461 1798 itidem
1481 1771 1595 1797 manu
1613 1758 1751 1798 vetusta
1768 1761 1999 1811 Epigramma

16 1853 17 1856 ,
65 1818 105 1856 in
123 1813 405 1864 Thucydidem,
433 1819 472 1851 Ω
492 1812 601 1861 φίλος,
628 1827 717 1853 cum
733 1813 916 1854 nonnulla
933 1817 1104 1854 varietate
1120 1815 1329 1866 scripturae,
1352 1828 1465 1869 quam
1483 1814 1662 1855 adnotaui
1678 1828 1759 1867 pag.
1773 1828 1835 1868 17.
1869 1820 1938 1864 [T.
1959 1819 1999 1857 11.

67 1884 101 1924 p.
120 1883 210 1922 741.
240 1871 317 1909 hui.
343 1868 422 1919 ed.]
482 1869 622 1910 Eadem
647 1872 774 1910 onmia
800 1870 936 1910 deinde
964 1870 1103 1911 ibidem
1129 1881 1336 1911 atramento
1357 1883 1393 1911 et
1413 1870 1525 1922 louge
1548 1874 1755 1912 recentiore
1771 1885 1884 1911 manu
1903 1875 2001 1913 eius-

67 1926 164 1969 dem,
193 1936 231 1966 vt
247 1925 451 1978 videbatur,
481 1928 546 1980 qui
563 1926 679 1966 multa
697 1924 836 1966 scholia
855 1925 1004 1979 scripfit,
1033 1937 1250 1980 repetuntur
1266 1927 1398 1968 additis
1414 1927 1489 1967 his:
1521 1926 1669 1981 ἦρξοίμην
1693 1927 1748 1968 σὺν
1771 1927 1842 1977 θεῷ’
1865 1937 1996 1969 Θουκυ-

70 1981 158 2031 δίδην
182 1980 236 2023 τὸν
251 1981 408 2034 Ὀλὸξου,
437 1979 492 2024 τὸν
514 1979 601 2031 ’γένος
620 1981 835 2035 Κεκξοπῖδην,
865 1988 937 2031 μηνὶ
960 1991 1080 2025 Ιουλλ..
1096 1980 1134 2034 ’γ’
1158 1985 1219 2025 τοῧ
1241 1981 1342 2033 ἁγίου
1363 1982 1535 2036 μείξτυξος
1555 1983 1709 2025 Ιακῖνθου
1726 1984 1809 2024 ΝΤ
1826 1982 1949 2026 Ἕτους
1964 2000 1998 2030 ‘f‘

18 2047 20 2049 ’
63 2037 435 2092 sequentibusffribus
454 2038 530 2079 aliis
548 2039 670 2085 literis,
693 2052 802 2093 quae,
833 2039 990 2079 absterso
1008 2053 1124 2080 manu
1140 2039 1199 2079 vel
1216 2041 1349 2079 cubito
1366 2039 1558 2080 scribentis
1574 2039 1697 2079 adbuc
1718 2040 1890 2080 madente
1907 2052 1997 2080 atra-

64 2105 208 2145 mento,
238 2094 308 2145 legi
332 2107 407 2134 non
433 2105 613 2146 poterant.
672 2096 764 2135 Vsus
786 2095 869 2135 sum
897 2106 1078 2148 praeterea
1103 2097 1250 2138 Codice
1276 2099 1352 2135 MS,
1379 2096 1574 2136 chartaceo
1598 2109 1618 2136 e
1635 2096 1865 2136 Bibliotheca
1881 2096 1997 2138 huius

64 2149 173 2200 vrbis,
202 2147 347 2190 formae
370 2151 512 2191 mediae
534 2165 554 2190 e
573 2150 707 2191 chartis
731 2152 1032 2206 quadruplicatiS,
1060 2153 1312 2193 recentiffimo
1340 2154 1493 2207 quidem
1511 2152 1588 2199 illo,
1617 2162 1653 2192 et
1671 2151 1826 2192 fortassis
1843 2156 1906 2192 vix
1924 2164 1996 2193 tre-

64 2214 262 2247 centorum
280 2220 479 2251 annorum,
506 2207 566 2247 sed
591 2218 715 2265 tamen
734 2221 753 2247 e
773 2223 853 2248 non
874 2209 990 2249 malae
1019 2220 1130 2250 notae
1148 2209 1244 2249 libro
1267 2210 1462 2262 descriptO,
1493 2220 1530 2249 et
1546 2209 1671 2249 multis
1688 2209 1781 2249 locis
1801 2210 1845 2249 ad
1863 2212 1997 2260 genui·

10 2303 15 2307 ,
63 2277 150 2303 nain
167 2264 379 2316 scripturam
399 2264 692 2304 confirmandam
713 2265 803 2304 vtili.
852 2269 949 2304 Eum
969 2267 1141 2319 Hudsonus
1160 2265 1257 2305 libia
1276 2267 1351 2307 Cel.
1369 2268 1512 2306 Graeuio
1529 2266 1677 2306 missum
1697 2267 1913 2304 Graeuiamfm
1929 2279 1997 2305 vo-

65 2331 220 2369 cauerat,
248 2333 359 2372 quam
380 2330 509 2359 notam
528 2319 623 2359 illius
640 2324 788 2367 retinui,
817 2320 880 2361 etfi
900 2325 927 2361 is
945 2332 1027 2361 tum
1047 2337 1125 2362 non
1144 2325 1312 2373 Graeuii,
1336 2323 1397 2362 sed
1416 2325 1492 2362 Viri
1511 2322 1723 2364 Conl'ultisi'.
1752 2324 1911 2361 Gziilielmi
1936 2337 1998 2361 van

65 2375 162 2426 Clieef,
190 2375 379 2416 causarum
406 2379 443 2415 in
468 2374 554 2416 foro
575 2377 796 2417 Traied'tino
812 2381 959 2418 Patroni
985 2393 1062 2418 non
1083 2378 1289 2422 incelebris,
1315 2389 1401 2429 erat,
1431 2381 1496 2433 qui
1519 2393 1605 2418 eum
1629 2382 1799 2419 Graeuio
1814 2378 1997 2418 Vtendum

63 2433 222 2479 dederat,
249 2445 290 2471 ac
317 2433 450 2472 deinde
474 2435 510 2472 in
537 2432 805 2474 Biblioth'ecam
832 2434 1019 2487 publicam
1047 2435 1183 2475 intulit.
1244 2438 1285 2477 ln
1309 2434 1386 2475 hoc
1409 2434 1644 2476 conserendo
1669 2434 1912 2486 Hudsonum,
1935 2434 1995 2475 vel

63 2501 142 2534 eos,
166 2487 298 2542 quibus
315 2488 374 2528 ille
392 2490 465 2528 hoc
484 2492 624 2539 negotii
642 2490 800 2540 dederat,
823 2505 954 2544 parurn
970 2492 1164 2543 diligenter
1181 2492 1341 2532 versatos
1360 2490 1477 2541 fuiffe,
1511 2507 1580 2531 nec
1599 2492 1720 2531 multo
1737 2493 1862 2531 minus
1881 2505 1995 2546 quam

62 2545 252 2585 dimidiam
274 2556 417 2599 partein
442 2548 612 2587 variantis
635 2546 835 2601 scripturae
858 2548 1090 2602 praeteriiffe‚
1117 2563 1166 2590 ex
1194 2548 1262 2601 his,
1290 2563 1384 2604 quac
1402 2563 1449 2590 ex
1469 2548 1534 2590 illo
1553 2551 1590 2588 in
1608 2550 1726 2589 Variis
1742 2547 1994 2591 Lcelionibus
