2239 2818
224 96 289 138 604

231 179 301 211 nulli
313 181 407 215 effent
421 183 581 217 etiamnum
590 179 755 228 Biographi.
790 185 850 218 Sed
863 186 960 217 locum
975 195 1036 216 non
1049 184 1177 216 habebat

233 223 413 265 Ostracismus
431 227 463 259 in
484 228 572 260 caulis
592 231 668 259 male
690 228 791 270 gestae
805 228 1008 269 Reipublicae,
1031 227 1178 267 proditae·

233 275 293 306 que
320 269 441 307 patriae.
489 271 572 302 Haec
598 279 698 301 autem
721 271 849 311 legimus
877 269 992 300 obieeta
1011 267 1178 310 Thucydidi.

233 309 272 338 Et
285 318 325 339 ne
338 311 458 350 quidem
475 321 576 353 poenae
595 312 707 343 duratio
721 312 827 343 eadem
841 320 906 343 erat
919 322 994 352 quae
1011 311 1178 351 Ostracismi.

234 351 271 381 ln
286 350 448 398 ¹Ostracismo
464 354 600 385 redibant
617 355 682 394 post
702 354 874 390 decennium,
895 363 953 385 nec
970 363 1085 394 poenae
1103 362 1180 383 reuo-

235 400 368 423 eatwnem
382 394 601 436 exspectabant,
621 396 642 427 fi
658 406 737 427 noua
755 397 851 436 aliqua
870 394 1013 426 sententia
1038 405 1097 426 non
1114 404 1177 434 per-

236 434 431 475 cellerentur,
454 445 483 468 vt
503 437 611 468 fastum
633 438 675 469 est
697 440 729 469 in
750 437 832 469 causa
854 436 1046 476 Themistoclis.
1088 438 1180 468 Suum

233 474 358 524 cnsilium
375 477 510 508 vicennale
521 479 607 510 fuifl'e
626 480 714 511 docet
733 479 793 520 ipse
813 480 841 513 h)
860 478 1041 520 Thucydides.
1082 478 1182 509 verba

236 525 301 567 qus
320 517 426 551 diserta
438 518 520 552 sunt:
543 519 657 565 ξυνέβη
677 533 729 564 μοι
747 519 880 563 <heriveus
898 519 955 560 τὴν
975 521 1113 564 ἐμαυτοῦ
1129 516 1185 557 ἔτη

235 570 333 608 senece
348 562 436 609 μετὰ
455 560 512 601 τὴν
529 563 560 597 ἐν
575 562 777 606 Ἀμφιπόλει
799 564 975 608 ςςατηγίαν.
1015 562 1185 592 Continuam

235 602 476 634 illudvzcennium
489 604 572 636 fuiffe
587 604 652 636 satis
673 606 799 641 constat,
829 615 869 635 ne
881 604 1003 634 reditum
1017 605 1080 643 post
1094 602 1186 633 decen-

235 645 316 673 nium
331 645 590 683 comminiscamur,
612 655 644 678 et
657 656 758 677 nouam
774 648 899 686 aliquam
911 646 1086 687 sententiam,
1109 653 1185 684 quae

237 687 327 726 primi
346 688 428 719 exilii
452 687 574 728 spatium
596 690 783 728 protraxerit.
824 691 851 719 Is
873 696 952 718 certe
973 689 1080 716 unicam
1094 686 1185 718 exfilii

237 728 383 758 vicennali-5
406 729 518 761 causam
548 730 693 771 agnoscit,
731 739 795 760 rem
823 728 933 770 gestam
963 728 1122 759 infeliciter
1149 727 1187 758 ad

237 769 436 811 Amphipolim.
480 775 548 803 Erat
564 782 636 812 ergo
657 771 713 802 hoc
733 772 809 802 illius
829 770 952 806 exsilium
964 770 1026 801 fine
1046 771 1186 808 termino,

239 812 309 842 dum
336 815 480 843 contraria
506 814 601 854 aliqua
622 812 810 854 Reipublicae
829 812 968 853 sententia
989 821 1185 842 reuocaretur.

237 855 330 886 Plane
353 864 383 886 vt
400 855 539 887 -solebant
558 854 616 885 effe
637 863 756 895 recepta
775 854 1064 895 Rerumpublicarum
1085 852 1185 889 exfilia.

237 897 277 927 Et
300 897 420 936 quidem
444 897 588 929 habemus
615 897 774 927 istiusmodi
797 895 968 927 sententiam
987 897 1188 926 reuocatoriatn

238 937 299 978 ipso
322 940 372 969 illo
393 937 484 979 spatio
506 950 523 969 a
547 939 708 980 Thucydide
728 938 868 980 affignato
890 939 1015 968 vicennii.
1058 940 1132 968 Nam
1150 937 1187 967 ab

238 980 289 1011 illa
305 986 458 1026 §eoe‘f'l'qu‘
474 980 521 1010 sua
531 979 758 1021 Amphipolitana
772 990 865 1010 annos
882 982 947 1011 illos
962 978 1074 1010 constat
1086 989 1188 1009 nume-

238 1032 303 1053 rare
323 1022 516 1064 Thucydidem.
558 1023 616 1054 Sed
630 1033 702 1054 vero
716 1024 746 1053 in
761 1022 893 1063 Hyemem
908 1022 977 1052 anni
991 1021 1081 1052 vuli.
1114 1021 1188 1051 Belli

239 1064 341 1096 incidit
358 1064 532 1106 Amphipolis
551 1065 705 1105 occupatio
725 1075 740 1094 a
763 1063 888 1100 Brafida.
931 1063 1058 1095 Proinde
1080 1075 1188 1107 ςρατη·

239 1108 311 1148 γίως
333 1117 426 1138 annus
452 1106 652 1148 erat>01ymp.
674 1114 822 1139 mxxxix.
846 1115 870 1138 1.
921 1107 1034 1136 Tenuit
1058 1116 1130 1145 ergo
1151 1104 1188 1135 ad

239 1148 488 1191 Olyrnp.t.xxx1x.
507 1158 532 1180 2.
556 1150 606 1188 qui
627 1150 738 1188 primus
757 1149 833 1178 adeo
853 1157 947 1179 annus
968 1146 1058 1177 fuerit
1080 1145 1183 1183 Exfilii.

238 1191 397 1225 Abdicauit
416 1192 496 1221 enim
524 1190 568 1221 01.
590 1195 639 1231 89.
661 1199 686 1222 1.
709 1189 785 1227 fine,
815 1189 939 1229 proinde
965 1188 1076 1230 Olymp.
1097 1193 1136 1229 519
1159 1196 1187 1220 2.

238 1233 328 1265 officii
343 1243 359 1262 a
372 1232 401 1263 fe
415 1233 489 1273 gesti
504 1233 648 1263 rationem
663 1232 839 1262 redditurus.
874 1233 922 1263 Sic
939 1230 1048 1273 Olymp.
1060 1239 1145 1261 xciv.
1158 1237 1186 1260 2.

237 1276 319 1306 initio
336 1275 433 1306 Enii-lii
448 1276 600 1304 vicennium
616 1274 792 1314 impleuerh,
813 1283 872 1313 quo
887 1273 1111 1304 celeberrimum
1126 1279 1188 1302 erat

238 1316 401 1360 ψήφισμα
415 1317 453 1348 de
467 1314 617 1360 αἷμνηςειξι
630 1325 729 1347 rerum
743 1314 803 1359 πρὸ
817 1314 991 1349 Εὐκλείδου.
1028 1316 1092 1345 Hoc
1105 1315 1185 1344 enim

239 1360 351 1401 olymp.
372 1369 422 1400 94.
443 1367 471 1390 2.
512 1357 625 1389 Archon
648 1367 710 1388 erat
728 1357 862 1389 Euclides.
906 1358 983 1388 Huic
1005 1366 1078 1397 ergo
1098 1356 1187 1401 ἁμνη·

239 1404 312 1444 ςςῑῳ
330 1404 450 1441 patriam
476 1400 579 1432 debuit
602 1398 787 1441 Thucydides.
830 1401 893 1429 Nec
919 1400 1000 1429 enim
1023 1397 1104 1428 causa
1126 1397 1185 1427 sub-

240 1452 313 1480 erat,
337 1453 387 1473 cur
393 1442 448 1483 soli
464 1450 620 1483 negaretur
635 1443 783 1471 communis
796 1441 881 1472 huius
895 1440 1082 1482 Indulgentiae
1095 1439 1185 1470 bene-

237 1484 346 1517 ficium.
387 1487 455 1516 Erat
469 1486 549 1515 enim
565 1483 690 1513 d¹liHum
705 1485 780 1514 illius
797 1482 859 1520 leue,
882 1483 933 1523 qui
948 1492 1113 1522 quanquam
1127 1489 1187 1510 tar-

240 1527 331 1558 ditate
350 1526 396 1557 sua
411 1526 502 1556 amisit
524 1524 726 1565 Amphipolim,
753 1525 791 1555 fic
812 1533 910 1555 tamen
933 1522 996 1554 satis
1019 1532 1186 1564 opportune

239 1568 368 1601 adfuerit
391 1568 548 1599 seruandae
567 1568 658 1598 Eioni.
709 1571 808 1607 Atque
828 1567 868 1597 ita
887 1565 998 1597 senfisse
1016 1564 1188 1607 Thucydidis

241 1612 337 1648 ciues,
369 1621 386 1640 e
408 1619 507 1651 poenae
533 1609 645 1639 leuitate
668 1609 845 1650 colligimus,
875 1619 950 1647 quae
975 1616 1052 1638 tanta
1075 1615 1136 1638 erat
1156 1614 1187 1638 vt

241 1654 443 1684 Grammaticis
461 1651 616 1682 iunioribus
636 1662 687 1691 pro
712 1650 874 1690 Ostracismo
893 1649 1059 1680 haberetur.
1100 1649 1185 1679 Bono-

241 1705 304 1724 rum
320 1695 455 1724 iacluram
469 1694 539 1724 fecit
556 1695 644 1734 plane
658 1694 777 1724 nullam.
810 1695 875 1723 Hoc
889 1691 959 1722 inde
974 1692 1093 1728 conflat,
1108 1690 1187 1730 quod

234 1737 447 1777 foeneraticiam
463 1735 539 1777 exfid
550 1737 727 1767 exercuerit.
756 1736 823 1765 Hoc
835 1734 936 1764 habuit
948 1743 1013 1764 cum
1024 1732 1188 1773 Ostracrsmo

241 1789 406 1810 commune.
448 1781 484 1808 Et
504 1778 621 1818 quidem
643 1779 672 1808 in
694 1778 799 1818 Aegina
823 1776 970 1814 exercuit,
1000 1785 1074 1815 quae
1095 1775 1187 1806 insula

241 1829 305 1852 erat
322 1820 438 1850 ditionis
451 1821 576 1857 Atticae,
597 1820 666 1850 licet
681 1820 710 1849 in
725 1818 783 1859 ipsa
803 1828 863 1849 non
878 1817 971 1848 fuerit
983 1818 1086 1848 Attica.
1129 1818 1187 1848 Hic

240 1864 329 1893 etiam
353 1872 404 1902 par
426 1861 481 1892 fuit
502 1863 533 1892 in
552 1871 649 1901 poena
671 1859 842 1901 Thucydidis
861 1868 951 1899 atque
970 1860 1001 1890 in
1024 1858 1187 1899 Ostractsmo

241 1902 441 1936 mansuetudo.
482 1905 583 1942 Quare
603 1903 623 1933 fi
645 1903 707 1943 quis
729 1902 799 1932 alius
816 1903 961 1942 particeps
981 1900 1072 1932 fuerit
1099 1902 1186 1931 huius

242 1946 439 1987 indulgentiae,
461 1955 523 1976 non
537 1953 601 1975 erat
619 1944 751 1984 profeclo
766 1954 815 1975 cur
828 1943 1017 1986 Thucydidem
1033 1944 1109 1974 illius
1124 1953 1185 1982 par·

241 1990 361 2030 ticipem
377 1999 443 2018 non
457 1987 541 2019 suiffe
557 1988 762 2018 existimemus.
806 1987 875 2017 Non
892 1987 934 2017 est
953 1995 1027 2026 ergo
1044 1996 1094 2016 cur
1109 1986 1186 2015 illius

239 2029 465 2073 ἐμνησικακίαν
480 2031 634 2067 miremur,
657 2029 706 2069 qui
721 2038 808 2068 nuper
825 2029 945 2066 patriam
965 2028 1079 2058 alienae
1097 2027 1186 2070 ἄμνη·

241 2073 311 2115 ςείορ
329 2072 474 2103 debuerit.
519 2070 611 2103 Causa
623 2079 722 2102 tamen
741 2071 900 2100 remotiores
916 2070 981 2099 illos
997 2070 1034 2099 ab
1056 2068 1100 2098 his
1114 2078 1186 2099 tem·

240 2115 376 2154 poribus,
398 2124 472 2154 quos
492 2114 567 2150 dixi,
589 2113 672 2143 latuit
689 2112 908 2147 Grammaticos,
931 2112 982 2150 qui
1003 2120 1043 2141 ne
1063 2110 1183 2150 quidem

241 2156 363 2185 reditum
380 2156 455 2186 illius
470 2156 506 2185 ab
521 2154 611 2191 exfilio
631 2154 693 2185 satis
708 2154 893 2193 exploratum
909 2152 1084 2183 habuerunt.
1124 2151 1184 2182 Sed

240 2197 360 2227 reditum
376 2196 537 2228 concesium
554 2195 700 2227 exsulibus
714 2206 732 2226 e
741 2193 906 2225 Philochoro
918 2203 948 2224 et
962 2193 1106 2223 Demetrio
1115 2191 1183 2224 Pha-

240 2239 307 2269 lereo
325 2237 489 2269 obseruauit
504 2238 694 2269 marcellium.
737 2240 803 2268 Non
818 2246 884 2266 mox
896 2246 912 2266 a
928 2236 1012 2267 clade
1026 2235 1130 2272 Sicula,
1153 2244 1184 2266 vt

239 2282 363 2311 credidit
379 2280 453 2319 ipse,
474 2279 522 2310 fed
541 2281 626 2320 pulsis
647 2281 766 2310 demum
783 2290 849 2310 xxx.
874 2280 1006 2319 tyrannis
1026 2288 1043 2307 a
1063 2275 1182 2317 Thrasy-

238 2323 307 2353 bulo.
341 2324 465 2354 Priorem
475 2323 563 2352 alium
579 2322 703 2352 reditum
722 2322 783 2361 post
797 2321 909 2351 cladem
918 2319 1034 2349 Siculam
1050 2318 1180 2359 nuspiam

234 2366 370 2407 legimus.
414 2367 502 2395 Hunc
522 2373 620 2394 autem
640 2364 760 2393 reditum
774 2374 835 2393 non
852 2362 929 2402 apud
940 2361 1094 2402 praedictos
1107 2361 1181 2392 dun·

236 2415 314 2438 taxat
335 2407 492 2444 Auctor-es,
523 2404 572 2436 sed
594 2406 670 2444 apud
689 2405 756 2434 alios
777 2414 910 2445 quoque,
924 2414 1012 2442 *quos
1036 2404 1178 2433 habemus

234 2451 358 2479 multos.
387 2447 587 2481 conliunatum
608 2447 757 2477 habemus.
799 2449 834 2477 ln
858 2445 1031 2475 redeuntium
1050 2455 1177 2476 numero

231 2490 314 2521 fuiss'e
332 2489 518 2523 Thucydidem
535 2488 675 2530 Didymus
689 2489 789 2519 docuit
804 2497 890 2528 atque
906 2488 1046 2529 Zopyrus,
1068 2491 1176 2517 eodem

230 2533 304 2564 teste
319 2523 490 2562 Marcilltno.
533 2533 595 2561 Nec
609 2541 679 2562 vero
696 2532 762 2567 alio,
784 2541 871 2571 quam
885 2540 944 2571 quo
959 2530 1033 2570 dixi,
1055 2538 1177 2569 tempere
1215 2532 1342 2567 riorum,
1371 2529 1512 2561 habemus
1540 2538 1578 2560 ex
1598 2533 1771 2569 Anonymo.
1822 2528 1984 2567 Lamponem
2008 2536 2108 2561 autem
2133 2536 2165 2562 et

259 2586 286 2619 b)
308 2587 411 2617 Thucyd.
427 2586 458 2610 1..
472 2594 500 2610 v.
521 2588 548 2616 §-
560 2585 605 2612 26.

557 98 950 136 APPARATVS
1001 98 1079 135 AD
1132 97 1443 134 ANNALES
1493 96 1570 132 ΕΤ
1615 95 1889 132 ἿῙΤΛΕ»

1218 183 1350 224 rediisse,
1370 195 1389 216 e
1403 194 1529 216 numero
1542 192 1692 219 annorum,
1715 181 1821 223 quibus
1832 178 1981 220 exsulat-it,
2005 178 2167 225 Thucydide

1217 226 1280 269 ipso
1293 228 1437 263 Austore,
1458 227 1516 257 iam
1537 225 1729 258 ostendimus.
1771 224 1867 256 Etiam
1881 233 1900 255 e
1917 233 1949 253 re
1964 223 2022 264 ipsa
2039 225 2167 264 petitum

1219 273 1440 310 Argumentum
1454 268 1574 299 adduxit
1590 266 1723 308 Zopyrus
1732 290 1740 305 ‚
1762 276 1780 297 e
1793 267 1874 306 cippo
1892 275 2003 305 nempe
2017 265 2169 305 Sepuleralt'

1220 311 1252 342 in
1268 310 1326 351 ipsa
1339 310 1436 341 Attica
1450 311 1482 341 in
1492 309 1571 340 Coela
1583 309 1618 340 ad
1633 316 1731 349 portas
1745 307 1904 346 Melitidas,
1925 317 1991 338 cum
2003 307 2169 348 Inscriptio·

1222 362 1262 384 ne
1283 354 1401 382 nominis
1418 360 1449 383 et
1466 352 1573 383 Patris.
1615 353 1653 382 Et
1671 350 1792 390 quidem
1815 351 1894 380 inter
1915 357 2108 380 monumenta
2123 349 2170 379 Ci-

1222 396 1321 424 monia.
1363 396 1428 424 Nec
1441 394 1521 424 enim
1536 394 1611 425 haee
1623 393 1780 424 toleratura
1793 399 1859 422 erat
1870 392 1986 422 illorum
1999 399 2169 430 temporum

1222 436 1370 476 disciplina
1385 436 1415 466 in
1430 436 1603 466 memoriam
1619 435 1745 466 hominis
1758 435 1882 463 extorris
1891 442 1921 464 et
1936 432 2069 463 damnati.
2111 433 2172 463 Sed

1224 488 1346 508 omnem
1367 478 1456 516 plane
1485 477 1639 508 dubitandi
1664 474 1777 507 causam
1800 476 1915 508 tollunt
1942 483 2020 516 quae
2044 483 2084 506 ex
2110 472 2173 516 ipso

1230 518 1392 562 Thucydide
1408 519 1467 550 iam
1483 518 1667 550 adduximus.

1264 635 1365 672 Olymp.
1386 635 1428 671 21·-
1445 637 1470 671 ξ.
1499 633 1530 662 in
1547 592 1857 698 “longima'ffig-iorum
1876 633 1906 661 in
1924 631 2038 662 Italiam
2050 627 2140 669 mrffi'st

1656 679 1704 707 acy
1721 679 1731 697 r
1763 679 1786 700 s.

1269 729 1379 769 Neque
1393 737 1465 759 vero
1482 727 1525 758 est
1541 736 1594 759 eur
1614 726 1655 758 de
1675 727 1844 757 monumenti
1860 726 1935 757 illius
1944 724 2002 765 fide
2015 731 2176 765 propterea

1228 770 1404 806 dubitemus,
1423 770 1501 809 quod
1515 770 1546 799 in
1559 770 1760 800 monumentis
1770 768 1906 799 Cimoniis
1916 769 2013 798 locum
2028 766 2176 804 habuerit,

1227 822 1289 843 non
1302 810 1477 854 Thucydides
1492 811 1591 847 modo,
1613 821 1715 841 verum
1729 811 1818 841 etiam
1833 809 2000 840 Herodotus.
2038 809 2173 840 Maximo

1229 853 1347 891 Reinefio
1368 854 1423 885 hoc
1443 852 1602 892 suspectum
1623 851 1711 884 visum
1733 853 1790 888 est,
1820 851 1900 894 quod
1918 853 1950 882 in
1970 848 2176 882 monumentis

1230 897 1363 927 Cimoniis
1390 895 1480 926 fuerit
1502 894 1675 930 Herodotus,
1716 903 1807 934 quern
1835 894 1918 924 nullo
1946 890 2199 933 propinquitatis*

1229 940 1320 978 gradu
1343 937 1482 967 Cimonem
1504 935 1628 977 attigisse
1648 935 1766 968 censuit.
1813 935 1890 967 Inde
1909 936 2012 970 etiarn,
2038 943 2113 974 quae
2135 932 2177 964 de

1227 979 1400 1022 Thucydidis
1428 987 1623 1009 monumento
1650 979 1683 1008 in
1715 977 1824 1009 eodem
1849 975 2176 1016 Marcellinodegimus.

1229 1022 1354 1063 suspefla
1377 1021 1472 1052 babet.
1516 1020 1574 1050 sed
1594 1019 1650 1050 alia
1667 1017 1732 1050 sunt
1752 1028 1828 1060 quae
1846 1017 2019 1061 Thucydidis
2039 1027 2104 1048 cum
2126 1015 2176 1046 Ch

1229 1075 1306 1095 mone
1326 1062 1570 1095 necessitudinem
1588 1065 1740 1102 euincant,
1761 1061 1801 1093 de
1820 1062 1925 1102 quibua
1944 1061 2002 1091 iam
2021 1057 2174 1100 agendum

1230 1117 1291 1137 non
1312 1106 1360 1136 est.
1405 1105 1495 1144 Quod
1516 1114 1586 1134 vero
1607 1103 1642 1133 ad
1666 1103 1838 1134 Herodotum
1859 1103 1979 1140 attinet,
2008 1098 2176 1132 meminiss'e

1230 1149 1402 1189 oportebat,
1430 1154 1593 1176 extraneum
1610 1146 1725 1184 origine
1745 1144 1827 1176 fuifl'e
1844 1143 2034 1181 Herodotum,
2055 1141 2177 1180 Dorene,

1230 1201 1291 1221 non
1311 1189 1415 1225 Ionem,
1451 1197 1483 1218 et
1503 1188 1598 1221 ciuem
1618 1185 1807 1226 Atheniensem
1827 1187 1971 1218 duntaxat
1994 1184 2173 1225 adscititium.

1229 1232 1369 1263 Nondum
1393 1240 1464 1272 ergo
1479 1228 1623 1269 familiam
1646 1228 1792 1264 habebat,
1818 1237 1876 1259 nec
1897 1228 1980 1258 Sacra
1997 1225 2176 1267 familiaria,
2206 1264 2213 1270 .

1229 1284 1287 1305 nee
1299 1273 1437 1314 Sepulcra,
1459 1271 1510 1301 nili
1524 1282 1578 1312 per
1594 1271 1733 1310 aliquam,
1757 1280 1844 1310 quam
1859 1268 2018 1308 nescimus,
2040 1261 2175 1309 Adepti&

1229 1326 1288 1346 nem
1301 1317 1432 1356 priuatae
1445 1312 1474 1344 se
1485 1312 1616 1353 finiiliae
1629 1310 1798 1343 inferuiffet.
1837 1314 1999 1352 Hucusque
2014 1321 2097 1351 ergo,
2119 1319 2174 1351 per

1228 1367 1362 1388 nouorum
1387 1357 1489 1386 ciuium
1517 1354 1774 1391 beneuolentiam,
1809 1354 1972 1385 constitutis
1998 1352 2175 1384 familiarum

1220 1400 1357 1442 sepulcris
1373 1397 1544 1431 condendus
1563 1404 1642 1431 erat,
1673 1405 1853 1436 quocunque
1866 1395 1994 1433 libebat,
2018 1396 2174 1435 impetrata

1230 1444 1302 1479 eius,
1323 1442 1372 1481 qui
1389 1440 1435 1469 lus
1452 1439 1572 1479 sepulcri
1588 1436 1722 1474 habebat,
1746 1439 1835 1468 venia.
1877 1438 1926 1469 Sic
1938 1439 2019 1468 enim
2033 1436 2069 1468 ad
2085 1435 2176 1467 Abra-

1228 1483 1339 1514 hamum
1355 1479 1488 1513 Hethaei:
1517 1481 1551 1510 In
1570 1479 1657 1509 elec'lis
1670 1478 1803 1519 sepulcris
1817 1478 1919 1518 nostris
1927 1479 2012 1520 sepeli
2034 1487 2176 1509 mortuum

1228 1535 1324 1564 tuum,
1354 1523 1495 1563 nullusque
1515 1532 1543 1551 te
1560 1520 1707 1562 prohibere
1724 1523 1843 1562 poterit,
1871 1523 1938 1562 quin
1954 1524 1984 1551 in
2001 1529 2174 1551 mottumento

1228 1570 1287 1598 eius
1299 1566 1413 1608 sepelias
1429 1573 1570 1594 mortuum
1585 1570 1674 1594 tuum.
1718 1564 1793 1594 Gen.
1808 1572 1902 1594 xxnr.
1920 1564 1950 1596 6.
1993 1565 2061 1594 Non
2075 1571 2174 1594 tamen

1229 1618 1388 1652 propterea
1407 1615 1469 1638 erat
1485 1603 1662 1636 Abrahamus
1683 1613 1780 1636 certae
1804 1606 1845 1636 illi
1859 1604 1992 1645 familiae
2012 1603 2174 1636 adscriben-

1230 1652 1292 1683 dus.
1332 1653 1412 1692 Ergo
1432 1648 1570 1679 Herodoti
1587 1646 1750 1688 sepulcrum
1769 1647 2025 1678 hic'constitutum
2040 1648 2173 1686 arbitror,

1228 1701 1385 1734 propterea
1399 1691 1478 1732 quod
1494 1691 1525 1721 in
1538 1690 1683 1721 coloniam
1693 1688 1862 1719 Thuriorum
1870 1687 1965 1720 miffus
1973 1688 2045 1720 effer
2057 1697 2089 1720 vt
2101 1690 2173 1720 ciuis

1227 1733 1406 1770 Atheniensis.
1453 1735 1520 1763 Hoc
1544 1734 1624 1763 enim
1647 1730 1769 1771 sepulcri
1792 1731 1844 1761 fibi
1866 1731 1923 1761 adfi
1946 1732 2006 1761 nati
2029 1731 2096 1762 iure
2122 1734 2172 1762 lua

1229 1777 1362 1808 Ciuitatis
1374 1772 1544 1811 Atheniensis
1556 1772 1793 1812 Metropolitanae
1808 1772 1895 1803 etiarn
1909 1741 2001 1812 aisens
2012 1772 2044 1803 in
2057 1771 2174 1803 Thuriis

1227 1819 1279 1850 fibi
1299 1817 1457 1855 asserebat5
1487 1823 1517 1846 vt
1539 1825 1649 1855 nempe
1665 1814 1771 1844 Februa
1789 1815 2058 1854 parentationesque‚
2081 1817 2173 1846 Grae-

1228 1862 1268 1892 ci,
1289 1860 1427 1906 ng‘eea,
1461 1868 1478 1887 a
1498 1857 1608 1888 ciuibus
1629 1855 1835 1892 Atheniensibus
1856 1855 2071 1896 affequeretur,
2098 1857 2172 1896 liqui

1228 1901 1350 1942 defunlli
1363 1900 1536 1931 memoriam
1555 1900 1594 1929 ita
1609 1898 1761 1929 colendam
1779 1897 1830 1928 fibi
1848 1898 2055 1929 existimarent.
2096 1901 2134 1930 Et
2149 1898 2172 1930 fi
2186 1911 2201 1928 ;

1228 1947 1277 1985 qui
1298 1944 1376 1974 forte
1397 1941 1535 1972 Herodoti
1556 1941 1665 1981 posteri
1691 1938 1808 1970 Thuriis
1827 1940 1863 1970 ad
1886 1937 2007 1970 Athenas
2030 1940 2170 1977 redirent,

1229 1995 1260 2017 et
1273 1987 1314 2016 illi
1329 1994 1448 2025 quoque
1453 1982 1574 2024 sepulcri
1585 1983 1663 2013 illius
1677 1983 1802 2013 nornine
1813 1980 1941 2022 inscripti
1956 1983 1999 2011 ius
2016 1981 2171 2014 habebant.

1227 2027 1359 2059 Familiae
1388 2034 1487 2057 autem
1514 2023 1601 2055 alicu}
1629 2033 1692 2056 erat
1718 2022 1906 2061 inserendus,
1940 2032 1971 2055 vt
2001 2023 2116 2054 Tribun-
2140 2031 2172 2057 et

1277 2067 1392 2113 oia-oeae
1411 2065 1598 2108 agnosceret,
1628 2067 1706 2097 inter
1728 2075 1800 2106 quos
1823 2066 1922 2097 debita
1940 2066 2023 2106 Reip.
2044 2076 2171 2098 munera

1227 2123 1242 2141 e
1270 2121 1320 2142 ent
1336 2110 1484 2141 obeunda.
1527 2110 1593 2139 Non
1613 2116 1710 2139 tamen
1725 2116 1881 2148 propterea
1895 2115 2006 2138 certum
2023 2117 2099 2143 erat,
2120 2108 2171 2141 vbi

1219 2152 1292 2189 firm
1310 2150 1373 2192 ipse
1395 2149 1466 2182 efi‘et
1487 2150 1654 2181 Herodotus.
1695 2151 1756 2181 Alii
1777 2151 1857 2180 enirn
1877 2148 1970 2189 ipsum
1990 2150 2020 2180 in
2045 2149 2170 2190 Thuriis,
2203 2150 2219 2198 ’χ

1227 2195 1275 2226 alii
1295 2197 1326 2226 in
1339 2192 1520 2229 Macedonia,
1536 2193 1691 2233 'sepultum
1712 2191 1931 2228 existimabant,
1958 2202 2019 2223 non
2039 2193 2109 2229 alia,
2137 2200 2170 2224 vt

1224 2237 1354 2274 videtur,
1388 2233 1466 2266 causa
1494 2245 1580 2274 quam
1603 2235 1728 2264 ciuitatis
1747 2235 1804 2264 iuri
1829 2233 1988 2264 afferendo.
2039 2235 2112 2265 Nam
2135 2235 2168 2266 in

1223 2280 1301 2308 vnico
1315 2278 1454 2308 duntaxat
1469 2275 1600 2316 sepulcro
1615 2276 1747 2317 reliquiae
1761 2276 1849 2306 condi
1863 2284 2003 2315 poterant.
2046 2278 2168 2318 Reliqua

1223 2319 1392 2360 Cetrotaphia
1407 2318 1489 2349 suiffe
1505 2318 1622 2349 necefl'e
1639 2327 1717 2351 erat.
1738 2319 1834 2358 potius
1854 2328 1937 2357 quam
1955 2317 2098 2357 Sepulcra.
2121 2319 2168 2351 Ce'·

1221 2364 1329 2397 vitatis,
1351 2370 1380 2392 vt
1394 2362 1454 2391 dixi
1489 2361 1552 2391 luri
1566 2359 1729 2391 afferendo.
1772 2359 1913 2390 Herodoto
1927 2369 2028 2390 autem
2044 2370 2074 2392 et
2092 2359 2167 2391 'lhu-

1220 2404 1329 2446 cyde'di,
1353 2412 1410 2433 tam
1432 2404 1589 2443 propinqua
1609 2403 1739 2442 repulcra
1763 2401 1846 2432 fwfl'e
1870 2401 2023 2440 videntur,
2043 2411 2166 2443 propter

1219 2454 1383 2476 communem
1404 2454 1440 2475 vt»
1449 2446 1517 2483 ique
1538 2444 1709 2474 Thurios-um
1725 2445 1878 2474 coloniam.
1921 2445 1994 2472 Nan·
2011 2442 2058 2474 sub
2073 2444 2165 2475 Xeno-

1218 2490 1291 2518 crito
1305 2487 1427 2529 Sybarin
1447 2486 1626 2524 cons-effide,
1650 2496 1725 2526 quse
1740 2485 1842 2515 colonia
1861 2495 1922 2514 erat
1939 2485 1967 2514 ir«
1990 2484 2071 2515 Italia
2091 2486 2165 2517 Tha.
