2239 2818
0 2252 13 2818 Wv—m—-n
2 2206 11 2242 ,ψ-

33 398 41 419 ”
56 380 224 445 ΖΞῖξῗεῖἛιι-εεῐ
246 412 324 452 quod
343 413 402 442 Lex
415 411 474 451 ipsa
496 412 702 441 declarauerat.

66 1467 210 1492 coronam
225 1458 403 1489 consecutus.

460 116 888 153 ANNALES

54 211 92 238 ,π
105 213 145 237 ne
165 203 285 245 quidem
299 204 374 234 ratio
398 202 434 234 ab
452 202 503 234 illo
520 202 657 244 assignata
680 203 778 233 locum
803 199 938 231 habuerit
961 208 1014 230 cut

46 257 127 280 vmra
142 245 240 277 saltem
257 246 346 276 videri
362 245 453 285 poffit.

498 246 562 276 Nee
574 246 656 275 enim
679 243 731 274 nifi
746 244 777 273 in
791 245 862 274 Iure
877 241 959 271 dubio
975 243 1015 271 lo-

65 299 130 322 cum
152 288 252 318 habuit
270 291 332 319 Lex
353 289 403 319 illa
422 285 568 327 Persarum
589 286 627 316 de
647 285 822 317 declarando
843 286 931 325 Regis
952 282 1014 313 Suc-

63 329 170 371 testare,
189 339 277 360 antea
298 339 385 369 quam
402 331 462 359 Rex
483 327 543 368 ipse
563 327 776 368 Expeditionem
792 327 916 365 aliquam
932 323 1014 354 susci-

200 373 273 402 Nam
287 372 318 400 in
337 374 403 401 Iure
416 369 528 399 indubio
538 392 545 404 ,
568 380 628 399 non
643 379 717 409 opus
734 377 795 398 erat
813 376 842 398 vt
857 367 918 397 Rex
935 367 1014 397 idem

745 413 784 440 Vt
805 419 897 449 penes
920 407 1014 447 ipsum

63 453 161 487 fuiffet
174 454 358 494 Succefforem,
381 463 588 493 quemcunque
603 454 703 487 vellet,
726 462 786 482 non
803 451 935 481 obstante
950 449 1013 479 Suc-

15 508 31 537 ⁸e
63 494 178 536 ceffionis
194 497 275 538 Lege,
301 495 468 536 defignare3
491 505 530 525 ne
546 494 666 534 quidem
682 495 722 524 im
734 492 852 524 necesse
871 491 966 521 fuisset
983 499 1013 520 vt

65 539 125 570 Rex
141 548 227 577 quem
242 538 333 568 vellet
347 536 520 576 Succefforem
535 537 704 567 declararet.
750 537 820 565 Nam
838 541 867 564 vt
882 535 1012 562 neminem

26 580 30 591 ³
66 579 246 616 declarass'et,
273 578 416 618 manifista
433 579 625 608 nihilominus
649 576 744 607 fuifl'et
769 577 852 617 Regis
864 574 1010 614 fintentia.

19 651 24 656 ,
64 623 222 654 Neminem
239 621 346 652 scilicet
361 621 443 650 illum
451 620 623 659 Succefforcm
634 619 685 649 fibi
698 620 773 648 velle
789 628 874 657 quam
890 618 933 646 cui
947 617 1013 646 Iure

65 661 232 703 Succeffionis
245 664 379 704 legitimo
395 661 565 692 debebatur.
609 663 654 691 >ic
669 661 781 690 nullum
797 667 857 688 erat
873 657 1010 698 Reipubli-

32 737 37 741 ,
65 716 108 738 cae
128 706 303 745 periculum,
328 706 372 734 cui
394 703 569 734 declarando
586 702 731 741 Succeffore
748 701 834 731 fuerit
856 710 1013 731 occurren-

45 748 150 786 1dum,
176 747 247 777 dum
270 747 309 777 de
329 745 497 777 Succeffore
520 745 639 786 legitimo
662 743 822 778 constaret,
853 752 909 771 nec
932 743 1010 771 locus

64 792 133 822 ess'et
155 789 286 820 aemulis.
332 788 428 818 Fuerit
445 797 517 827 ergo
541 791 587 818 lus
606 786 726 816 dubium
743 786 772 815 in
794 783 873 815 causa
896 783 1009 817 Xerxis,

65 842 126 863 non
152 840 250 861 tamen
275 830 402 869 sequitur
424 828 537 859 dubium
563 827 646 858 fuisse
672 829 701 856 in
728 825 807 856 causa
828 826 1009 855 Artaxerxis.

65 876 134 906 Erat
149 874 228 903 enim
244 872 353 902 Xerxes
365 872 476 911 primus
496 880 592 900 nouae
601 868 732 910 siz-miliae
747 865 900 898 Succefi'or.
943 868 1012 896 Erat

69 925 140 956 ergo
156 925 172 944 a
193 916 287 954 primo
302 914 433 943 familiae
447 913 601 943 conditore
617 911 709 940 Dario
725 909 923 946 statuendum,
953 918 1011 947 quo

67 957 132 998 Iure
143 957 282 995 deinceps
296 953 367 985 efl'et
381 957 411 984 in
425 953 528 984 eadem
544 953 650 984 familia
658 951 862 993 succedendum.
903 954 950 980 An
966 949 1001 978 sci

31 1013 41 1035 .:
67 1000 136 1030 licet
151 998 276 1028 hominis
292 996 426 1028 eiusdem
439 997 562 1036 priuati,
585 1006 621 1025 an
636 995 716 1035 Regis
733 993 930 1033 primogenito
943 993 1009 1022 Suc-

67 1041 152 1072 eeffio
175 1038 365 1070 concedenda
388 1037 466 1069 ess‘et.
510 1040 585 1069 Cum
607 1047 675 1066 vero
695 1036 812 1066 hoelus
832 1034 1011 1074 primogeniti

34 1115 35 1121 ,
66 1083 98 1113 in
113 1085 216 1164 Reffno
231 1082 341 1112 Darius
356 1082 386 1110 in
402 1079 524 1120 persona
542 1079 646 1110 Xerxis
661 1075 850 1118 approbaffe‘,
873 1076 949 1106 idem
966 1077 1012 1105 lus

67 1124 147 1156 Succe
167 1125 235 1154 tonis
254 1125 284 1153 in
305 1122 436 1164 posteris,
465 1132 590 1162 quorum
610 1120 689 1160 causa
707 1120 802 1150 similis
824 1127 903 1154 erat,
930 1117 1012 1147 dein-

69 1176 137 1207 ceps
161 1165 295 1196 obtinere
315 1165 489 1204 oportebat,
511 1164 580 1193 dum
597 1172 667 1191 nouo
687 1163 783 1201 aliquo
800 1160 906 1189 decreto
922 1168 1011 1188 muta-

68 1216 149 1240 retur
165 1208 201 1238 ab
216 1217 264 1245 eo,
286 1208 336 1247 qui
347 1207 394 1236 Ius
407 1205 557 1236 habiturus
574 1201 819 1242 ess'etSut-cefflonis
836 1203 864 1232 in
873 1201 1015 1239 futurum

68 1250 267 1282 stabiliendae.
309 1250 419 1287 Quare,
433 1244 508 1278 'cum
523 1247 599 1288 causa
618 1247 769 1276 Artaxcris
789 1244 951 1284 Longimani
968 1252 1013 1272 ea-

69 1292 137 1324 dem
160 1291 249 1323 fuerit
271 1301 345 1321 cumc
359 1289 438 1320 causa
461 1289 566 1318 Xerxis
588 1290 693 1324 Patris,
723 1287 770 1316 Ius
794 1295 911 1326 quoque
934 1284 1013 1314 idem

40 1374 42 1377 y
63 1334 161 1367 'fuerit
184 1341 316 1374 oportet,
336 1341 366 1362 vt
382 1340 494 1362 nouum
518 1340 614 1361 tamen
636 1328 739 1359 nullum
754 1328 906 1359 decretum
926 1327 1014 1356 inter-

70 1375 198 1409 eeffiffet.
239 1377 287 1406 De
308 1374 411 1403 Xerxis
433 1373 575 1403 sententia
594 1373 718 1402 dubitari
739 1371 786 1401 vix
807 1369 916 1410 potuit,
941 1368 1018 1406 quin'

70 1418 118 1449 lus
143 1417 222 1448 idem
242 1416 330 1446 fucrit
352 1417 381 1446 in
405 1415 550 1455 Succeffore
569 1414 741 1454 probaturus
765 1422 823 1452 quo
843 1410 940 1441 fuerat
961 1408 1015 1449 ipse

445 1459 470 1488 N
474 1466 508 1488 ec
522 1466 622 1486 tamen
635 1454 782 1485 declaratio
796 1451 953 1493 Succefforis
967 1461 1013 1490 pa-

71 1503 233 1534 remilium
252 1511 319 1532 cum
334 1498 459 1539 deceffiire
474 1498 597 1530 fecifl'et.
622 1497 731 1528 nedum
752 1497 869 1536 qualem
892 1492 1015 1524 credidit

71 1545 201 1576 Petauius
221 1544 427 1580 Artaxerxem,
459 1549 490 1571 vt
512 1539 649 1580 oleceffiiris
675 1540 748 1569 ratio
774 1539 852 1568 nulla
876 1536 1015 1574 deinceps

69 1586 239 1618 haberetur.
283 1587 384 1623 ltaque
400 1583 439 1613 de
456 1585 525 1613 lure
541 1579 709 1621 Succeffionis
729 1580 802 1610 haec
822 1577 1018 1618 intelligenda

73 1627 139 1659 sunt
153 1638 210 1667 quo
227 1627 324 1657 Patris
339 1627 444 1655 mortui
458 1627 554 1655 locum
567 1623 710 1664 suppleuit
723 1624 907 1653 Artaxerxes.
949 1621 1017 1649 Non

73 1679 172 1701 autem
195 1670 234 1700 de
250 1667 351 1708 fillitio
375 1669 424 1698 illo
444 1677 502 1706 quo
522 1667 666 1706 particeps
685 1665 833 1694 communis
850 1672 914 1693 cum
933 1661 1018 1691 Patre

73 1712 170 1753 Regni
186 1709 269 1742 fuiss'e
289 1710 424 1742 creditur.
467 1711 529 1738 Nec
551 1707 618 1739 sane
639 1706 740 1738 accidit
760 1704 965 1738 incommode,
988 1709 1018 1732 vt

69 1756 124 1795 'qui
137 1754 230 1784 aulam
246 1752 376 1788 Persicam
389 1752 446 1781 hoc
458 1760 529 1780 anno
543 1750 674 1791 attigerit
685 1749 810 1779 ineunte
824 1743 1017 1784 Themistocles,

75 1797 115 1833 is,
139 1797 300 1826 Artaxerxe
314 1793 405 1833 νεωςὶ
420 1801 574 1834 regnante,
597 1801 634 1823 eo
648 1790 800 1829 appulerit.
817 1797 910 1822 xxim.
929 1784 1018 1818 moth

75 1839 167 1870 Xerxi
181 1839 283 1868 tribuit
301 1838 404 1868 Canon
423 1834 593 1865 certissimus
609 1833 849 1871 Astranomorum,
871 1831 922 1869 qui
937 1828 1019 1868 supe-

77 1880 160 1912 :ioris
181 1881 250 1911 anni
272 1879 373 1910 Iuliani
388 1875 547 1907 Decembris
569 1876 617 1905 die
637 1875 760 1905 iniuerat
785 1883 891 1903 xviio.
934 1871 1020 1900 Diem

28 1920 35 1926 ’
78 1923 163 1953 illum
176 1921 196 1952 fi
212 1921 363 1961 superarit,
385 1928 473 1949 annus
488 1927 563 1953 erat,
586 1927 638 1957 pro
658 1926 760 1947 norma
776 1914 905 1946 Canonis
923 1913 1020 1951 Astro-

77 1965 191 1995 notnict'.
211 1964 252 1993 illi
267 1962 436 1992 tribuendus
455 1968 602 1997 vtcunque
616 1958 723 1988 breuem
738 1958 814 1987 illius
829 1957 896 1986 anni
909 1963 1021 1996 partem

78 2005 222 2045 attigisset.
266 2006 327 2035 Nec
342 2003 390 2033 aiu
410 2002 509 2042 postea
523 2002 637 2032 videtur
653 1998 753 2030 vixiffe
770 1999 886 2028 Xerxes.
930 1997 963 2028 1d
978 1998 1021 2026 in-

78 2049 156 2084 nuit,
178 2047 346 2086 quicunque
359 2045 477 2075 demum
493 2045 515 2074 is
531 2042 627 2079 fuerit,
650 2042 757 2073 Auctor
774 2040 903 2070 Diodori.
947 2040 1021 2069 Nam

79 2089 166 2121 Xerxi
181 2099 226 2118 xx.
242 2088 380 2117 duntaxat
393 2095 484 2116 annos
505 2084 640 2115 concedit
654 2082 815 2120 Diodorus,
841 2081 901 2112 filio
922 2089 1020 2110 autem

81 2132 241 2161 Artaxerxi
263 2130 383 2169 largitur
405 2137 498 2158 annos
519 2136 605 2157 xLiv.
636 2126 681 2156 cui
705 2135 797 2155 annos
818 2125 1021 2154 tantummodo

80 2182 176 2204 xmu.
193 2171 328 2202 concedit
345 2171 449 2201 Canon
467 2168 675 2206 astronomicus.
720 2167 795 2197 Inde
809 2166 903 2205 palam
920 2165 961 2195 est
974 2174 1022 2193 an-

84 2225 153 2246 num
164 2215 268 2244 Xerxis
278 2214 407 2242 vltimum
419 2210 497 2240 Patri
508 2211 634 2239 ablatum
643 2209 802 2239 Artaxerxi
809 2208 869 2238 filio
883 2207 1024 2248 affignare

82 2256 248 2288 Diodorum.
287 2255 378 2292 Quod
393 2252 497 2282 scilicet
509 2261 591 2291 parte
606 2253 680 2281 iuius
696 2252 786 2291 longe
802 2250 904 2280 maiori
920 2258 1024 2287 regna-

81 2299 155 2333 verit
174 2300 354 2327 Artaxerxes.
400 2294 482 2324 ldem
499 2294 642 2333 colligitur
657 2302 694 2323 ex
714 2302 766 2327 eo,
790 2291 867 2330 quod
889 2291 924 2320 ab
941 2291 1024 2320 Arta-

81 2339 151 2370 bano
164 2339 330 2370 Chiliarcho
348 2337 383 2368 ad
406 2337 503 2376 Regem
524 2335 701 2365 introductus
723 2333 811 2364 fuerit
829 2331 1026 2371 Themistocles,

81 2382 156 2412 telle
171 2380 330 2414 Plutarcho,
369 2380 435 2410 Scio
453 2375 535 2407 fuisse
553 2377 641 2406 etiam
656 2376 728 2406 alios
747 2386 763 2405 a
784 2375 880 2405 nostro
898 2374 1024 2405 maximo

86 2422 184 2462 Vffirio
208 2423 363 2452 recenlitos
385 2419 551 2450 Artabanos.
609 2417 667 2448 Sed
698 2418 754 2447 alio
785 2426 894 2446 munere
923 2425 1027 2446 omnes

83 2475 168 2504 quam
192 2463 351 2494 Chiliarchi.
402 2464 490 2494 Hunc
516 2469 615 2490 autem
636 2459 810 2489 Artabanum
833 2457 923 2497 ipsum
946 2459 1029 2488 illum

83 2506 258 2536 Artabanum
280 2504 362 2535 suifl'e
384 2514 472 2544 puto,
504 2503 584 2532 cuius
612 2501 710 2541 mensu
737 2501 799 2540 post
822 2500 944 2530 xerxem
966 2509 1029 2530 vir.

85 2556 219 2578 numerat
243 2549 274 2577 in
298 2546 446 2578 Chronico
467 2543 613 2584 Eusebius,
644 2542 836 2582 obseruatque
859 2542 912 2571 hos
932 2541 1030 2581 menses

84 2589 113 2621 in
129 2598 245 2623 numero,
261 2597 398 2619 annorum
413 2585 494 2620 fuiss‘e
509 2593 661 2627 reputatos.
705 2587 772 2617 Hoc
789 2583 896 2620 voluit,
917 2584 1031 2624 opinor,

124 2636 218 2665 TOM.
235 2638 271 2664 11.

971 113 1607 147 THVCYDIDEI.

1949 113 2007 150 633

1058 208 1113 238 pro
1128 208 1199 227 anno
1219 195 1335 227 menses
1357 197 1422 227 illos
1441 195 1540 226 haberi
1563 194 1677 232 filitos,
1700 194 1778 234 quod
1793 203 1902 234 partem
1919 197 2007 223 maxi-

1058 250 1131 278 mam
1150 240 1228 271 Anni
1246 239 1462 274 constituerint,
1489 239 1536 277 qui
1554 238 1673 276 quidem
1689 247 1781 267 annus
1796 237 1939 265 Artabano
1956 237 2006 266 im-

1058 291 1174 322 putatus
1197 281 1298 317 fuerit,
1330 280 1405 319 quali
1422 289 1556 321 tyranno,
1582 280 1734 319 Regnique
1757 289 1824 308 cum
1846 282 2005 308 Artaxerxe

1057 322 1120 363 ipso
1140 324 1282 363 participi.
1324 325 1420 352 'sama
1435 323 1513 352 enim
1528 320 1613 352 fuisse
1635 322 1764 355 videtur,
1786 318 1834 350 sub
1851 318 2006 349 Chiliarcht'

1057 365 1194 401 numine,
1217 365 1292 395 illius
1310 365 1476 393 Auchi-itas,
1525 362 1645 392 Xersem
1663 358 1743 393 enim
1764 359 1853 401 ipsum
1870 371 2006 400 pereme-

1055 415 1106 436 rat.
1148 409 1229 436 Tum
1249 405 1400 445 parricidii
1424 404 1491 434 falso
1520 406 1649 444 imputati
1668 405 1788 433 nomine
1813 404 1953 432 maiorem
1974 401 2005 431 fi-

1055 449 1128 479 lium
1143 447 1282 485 Darium,
1306 458 1393 476 manu
1411 456 1508 476 tamen
1527 446 1622 476 fratris
1638 447 1822 477 Artaxerxis.
1867 446 2005 484 Denique

1055 492 1246 520 Artaxerxem
1261 487 1350 528 ipsum
1364 488 1518 528 aggrelsus,
1538 499 1553 517 a
1569 499 1626 528 quo
1643 498 1739 518 tamen
1755 487 1808 526 ipsi*
1823 487 1930 516 lethale
1946 489 2002 515 vul-

1055 541 1109 562 nus
1126 533 1244 570 accepit.
1288 532 1449 568 Hucusque
1465 540 1538 569 ergo
1554 531 1661 559 liberas
1677 531 1793 567 imperii
1812 529 1939 557 habenas
1957 529 2002 558 vix

1055 573 1155 604 habuit
1180 574 1364 602 Artaxerxes.
1410 573 1470 600 Hos
1492 581 1550 610 ego
1571 572 1666 609 menses
1687 570 1772 600 iuiffe
1792 580 1862 609 puto
1885 572 1932 609 qui
1956 580 2003 599 an-

1054 625 1119 644 num
1141 615 1318 644 constituere
1343 611 1531 642 censerentur
1553 613 1685 643 medium
1706 613 1783 642 inter
1797 607 1927 642 *Xf'rxtm
1952 622 2003 651 pa-

1054 666 1130 688 trem
1153 656 1306 695 filiumque
1328 656 1535 688 Artaxerxem,
1559 665 1769 693 nonnunquam
1788 655 1929 683 ,amlvano
1951 655 2003 684 im-

1054 706 1203 738 putatum,
1234 707 1261 727 vt
1285 696 1382 736 menses
1407 696 1561 736 Magorum
1585 696 1740 735 aliquando
1761 696 1858 737 Magis
1880 699 2003 735 imputa-

1054 741 1166 770 bantur.
1212 739 1269 770 Sed
1291 741 1396 770 Canon
1418 738 1613 776 astronomicus
1633 735 1747 768 meuses
1767 737 1919 778 Magorum
1940 748 2000 768 non

1053 782 1107 811 illis
1122 779 1267 818 accenset,
1290 779 1338 810 sed
1357 778 1487 820 Cambyli.
1528 780 1671 819 Idemque
1688 780 1762 808 illius
1781 780 1919 819 exemplo
1935 780 2001 810 facit

1053 823 1220 853 Herodotus.
1263 822 1349 852 Fastis
1369 823 1447 853 enim
1471 822 1559 851 eximi
1582 821 1711 851 s03ebant
1731 823 1863 861 tyranni,
1891 823 2001 860 aliique

1056 866 1151 895 hostes
1165 864 1274 904 publici,
1296 874 1419 903 quorum
1433 865 1561 892 memoria
1577 863 1670 893 fuerat
1685 863 1822 892 [laninam.
1866 865 1911 894 Sic
1927 874 2000 904 ergo

1053 907 1161 937 facium
1181 915 1209 936 vt
1230 915 1441 945 nonnunquam
1463 905 1555 934 Xerxi
1575 906 1662 944 patri,
1687 915 1898 944 nonnunquam
1915 907 2001 935 Arta-

1054 950 1140 978 xerxi
1155 947 1215 977 filio
1230 948 1275 977 hic
1289 947 1368 976 idem
1384 948 1573 986 imputaretur
1586 955 1681 975 atinus,
1726 949 1894 986 Propterea,
1917 957 1946 977 vt
1963 949 2001 978 vi-

1054 992 1155 1025 detur,
1181 989 1259 1029 quod
1275 991 1386 1028 utrique
1400 989 1505 1028 aliquid
1524 988 1682 1017 demendum
1700 997 1762 1018 erat
1780 989 1855 1028 quod
1872 988 2000 1025 mensibus

1052 1033 1109 1062 illis
1124 1032 1290 1062 adiunuum
1306 1040 1407 1060 annum
1428 1040 1492 1060 cum
1509 1031 1563 1060 illis
1582 1032 1720 1070 integrum
1738 1032 1908 1070 compleret.
1951 1033 2000 1063 Sic

1053 1073 1150 1113 menses
1166 1075 1270 1113 reliqui
1285 1073 1320 1102 ad
1337 1073 1442 1102 iustum
1457 1081 1558 1101 annum
1571 1071 1720 1102 necessarii
1735 1074 1812 1102 inter
1825 1083 1934 1111 patrem
1943 1072 2000 1112 fili-

1054 1126 1152 1155 umque
1173 1115 1321 1146 tribuendi
1349 1113 1449 1144 essent.
1500 1115 1622 1153 Eritque
1649 1114 1723 1143 adeo
1747 1113 1856 1144 breuius
1878 1114 1998 1154 spatium

1054 1157 1268 1199 quinquemestri
1288 1167 1345 1196 quo
1368 1156 1643 1197 Regnumtenuerit
1664 1156 1769 1185 Xerxes
1787 1157 1887 1195 postea
1910 1168 1998 1196 quam

1055 1210 1156 1229 annum
1178 1207 1249 1228 xxm.
1269 1198 1453 1237 impleuifl'et.
1497 1199 1550 1228 His
1571 1207 1644 1237 ergo
1667 1198 1730 1237 ipsis
1752 1199 1896 1228 menlibus
1912 1201 2000 1229 Arta-

1055 1242 1127 1278 bani,
1149 1243 1200 1281 qui
1214 1240 1249 1270 ad
1263 1250 1365 1269 annum
1377 1239 1539 1279 spectabant
1549 1239 1654 1268 Xerxis
1668 1248 1756 1270 xxim.
1772 1242 1814 1270 vel
1826 1242 2000 1271 Artaxerxis

1056 1285 1180 1324 primum
1192 1307 1198 1319 ,
1221 1281 1330 1312 veuiffe
1342 1280 1540 1319 Themistoclem
1561 1291 1598 1311 ex
1622 1281 1679 1320 ipsa
1702 1282 1749 1311 illa
1763 1282 1902 1311 Artabani
1916 1294 2002 1313 men-

1057 1327 1138 1357 tione
1153 1323 1293 1354 discimus.
1339 1325 1488 1355 Conuenit
1505 1332 1603 1353 autem
1621 1323 1676 1353 hoc
1693 1333 1826 1354 accurate
1847 1335 1912 1354 cum
1929 1324 2003 1363 testi-

1056 1369 1152 1397 moniis
1183 1367 1256 1404 iilis,
1297 1375 1373 1404 quae
1402 1365 1542 1402 diximus,
1590 1364 1761 1406 Thucydidis
1791 1374 1821 1397 et
1851 1365 2003 1397 Charontis

1058 1409 1245 1448 Lampsaceni,
1269 1409 1318 1447 qui
1340 1411 1441 1446 Regno
1462 1409 1636 1436 Artaxerxis
1659 1417 1752 1446 nuper
1773 1417 1892 1447 accepto
1916 1410 2002 1439 illum

1056 1450 1166 1482 venifl'e
1182 1450 1375 1480 tradiderunt.
1418 1450 1465 1480 Sic
1481 1460 1551 1489 ergo
1569 1449 1770 1478 chronicorum
1785 1451 1911 1481 rationes
1928 1450 2006 1480 resti-

1057 1502 1140 1524 tuere
1155 1493 1251 1523 conati
1267 1489 1376 1528 sumus,
1399 1501 1468 1530 quas
1484 1489 1650 1520 Plutarchus
1663 1489 1826 1521 obseruauit
1845 1490 2003 1533 Thucydidi

1058 1534 1141 1566 fuisse
1164 1532 1381 1564 consentaneas.
1432 1533 1588 1573 Subiungit
1613 1543 1695 1562 mox:
1729 1533 1842 1576 καίπερ
1867 1533 1926 1567 οὐδ’
1952 1534 2004 1567 αύ-

1058 1580 1124 1614 τοΐς
1150 1575 1564 1621 ἀτρέμα-συνταττομένοις.
1613 1575 1690 1605 Alibi
1714 1574 1790 1604 vsum
1816 1577 1898 1606 illum
1923 1578 2001 1607 vocis

1057 1618 1184 1664 α’τξέμω
1213 1618 1290 1656 apud
1311 1616 1492 1646 Plutarchum
1523 1615 1682 1647 obseruaui.
1734 1617 1808 1646 Illud
1836 1627 1908 1657 ergo
1934 1620 2004 1655 vult,

1060 1660 1209 1691 Chronicos
1223 1661 1360 1696 Curiones,
1390 1669 1512 1698 quorum
1536 1658 1594 1688 fide
1615 1657 1785 1699 'IVzucyolialis
1805 1660 2004 1690 testimonium

1060 1702 1315 1742 conprobauerat‚
1340 1699 1424 1739 saepe
1439 1709 1536 1731 tamen
1551 1702 1678 1730 inuicem
1692 1702 1721 1730 in
1737 1701 1935 1731 commiffione
1950 1701 2005 1731 dis-

1059 1754 1180 1784 crepare.
1223 1741 1312 1781 Quod
1336 1742 1402 1772 saue
1423 1750 1485 1772 erat
1502 1743 1590 1772 etiam
1609 1742 1802 1771 Librariorum
1820 1745 1905 1782 culpa
1921 1743 2005 1774 facil-

1059 1789 1161 1818 limum
1177 1794 1272 1815 aetate
1286 1783 1447 1819 Plutarchi,
1476 1785 1524 1824 qui
1543 1792 1586 1814 tot
1601 1784 1712 1815 Seculis
1728 1786 1822 1814 iunior
1838 1794 1901 1815 erat
1923 1796 2005 1825 prae-

1061 1830 1211 1868 cipuorum
1222 1825 1461 1867 Chronologorum
1471 1826 1676 1866 Autographis.
1699 1829 1760 1857 lam
1775 1835 1872 1857 tamen
1883 1828 2005 1858 vidimus

1061 1880 1156 1901 verum
1170 1871 1257 1900 etiam
1274 1867 1331 1898 esse
1348 1867 1460 1907 potuiffe
1475 1868 1513 1898 de
1528 1868 1592 1908 iplis
1602 1866 1788 1909 Chr-anologis.
1829 1871 1902 1899 Nam
1913 1868 2008 1907 Fastos

1062 1914 1111 1944 diu
1141 1921 1226 1942 antea
1250 1919 1396 1949 corruptos
1420 1910 1614 1946 ostendimus,
1642 1911 1729 1939 etiam
1756 1918 1853 1941 aetate
1876 1911 2005 1941 Diodori.

1062 1957 1238 1994 Quanquam
1252 1962 1350 1982 autem
1359 1951 1479 1981 meliores
1494 1950 1635 1991 vsurpauit
1646 1950 1814 1982 Plutarchus
1825 1961 1854 1983 et
1863 1952 2008 1990 Laertius,

1062 1999 1093 2027 in
1109 1997 1212 2036 quibus
1227 1997 1324 2025 locum
1336 1993 1469 2024 habuerit
1483 1993 1656 2034 Apseplu'om
1676 1994 1705 2024 in
1722 1995 1776 2025 illis
1793 2003 1890 2025 tamen
1906 1994 2008 2025 frustra

1064 2038 1224 2078 quaelitum
1233 2035 1382 2075 Aristidem
1395 2036 1482 2066 docet
1496 2035 1555 2075 ipse
1564 2035 1743 2065 Plutarchus.
1788 2036 1920 2067 Vidimus
1937 2047 2008 2076 quo·

1064 2091 1123 2120 que
1144 2078 1228 2110 fuisse
1246 2079 1357 2110 Veteres
1376 2079 1426 2118 qui
1446 2076 1627 2116 Themistoclis
1645 2077 1747 2118 fugam
1771 2077 1820 2107 sub
1837 2079 1931 2107 Xerxe
1955 2079 2007 2109 sta-

1065 2130 1198 2159 tuerant,
1220 2130 1388 2161 quanquam
1401 2120 1456 2150 illis
1471 2122 1590 2149 iuniores
1611 2120 1659 2159 qui
1679 2120 1714 2149 ad
1727 2119 1917 2149 Artaxerxem
1933 2131 2010 2151 retu-

1065 2167 1167 2195 lerant.
1212 2165 1278 2193 Hoc
1293 2171 1391 2192 tamen
1407 2162 1469 2192 satis
1484 2170 1556 2197 erat,
1575 2170 1612 2198 vt,
1634 2163 1683 2199 qui
1697 2163 1734 2191 ita
1750 2161 1900 2200 sentirent,
1922 2161 2011 2193 Chro-

1066 2205 1155 2247 nologi
1172 2206 1301 2236 iuniores
1322 2203 1470 2234 Chronicos
1492 2203 1616 2243 proinde
1635 2203 1756 2232 Canoues
1777 2215 1831 2242 pro
1851 2205 1905 2234 illis
1925 2206 2012 2233 ratio-

1067 2249 1147 2278 nibus
1169 2247 1371 2287 disponendos
1397 2245 1455 2276 effe
1480 2244 1654 2276 censuerint.
1706 2245 1784 2274 Nihil
1804 2255 1901 2276 tamen
1923 2248 1952 2276 in
1979 2256 2011 2276 re

1066 2290 1139 2332 gesta
1160 2288 1327 2320 obseruauit
1354 2287 1428 2328 ipse,
1463 2296 1512 2317 aut
1540 2287 1576 2317 ab
1606 2287 1669 2317 aliis
1692 2285 1876 2316 obseruatum
1905 2296 2011 2324 narrat,

1068 2332 1146 2372 quod
1159 2339 1297 2372 pugnaret
1314 2341 1372 2370 quo
1387 2331 1482 2360 minus
1498 2329 1618 2358 Canones
1640 2327 1797 2370 Thucydidi
1812 2330 1937 2359 maxime
1954 2339 2013 2358 eon-

1059 2374 1183 2416 sentanei
1197 2373 1307 2404 suerint
1325 2373 1412 2402 etiam
1429 2371 1557 2411 proinde
1571 2369 1708 2410 veriffimi.

1072 2475 1098 2507 C
1110 2435 1177 2504 Hsoc
1193 2441 1273 2503 aqpo
1289 2431 1403 2462 Bellum
1422 2439 1486 2461 cum
1500 2428 1585 2470 sociis
1601 2430 1632 2460 in
1652 2429 1854 2460 coniuratione
1867 2428 2014 2459 Artabani.

1101 2483 1131 2506 te
1144 2498 1150 2505 .
1165 2477 1218 2505 Per
1233 2483 1265 2503 ic.

1113 2547 1129 2578 ἒ
1145 2541 1230 2574 Arch.
1247 2539 1375 2581 Lffmia.
1418 2538 1461 2572 01.
1475 2543 1524 2580 78.
1540 2547 1567 2579 3.
1581 2538 1699 2570 Diodor.

1897 2621 1975 2653 Llll
