<?xml version="1.0" encoding="UTF-8"?>
<!DOCTYPE html PUBLIC "-//W3C//DTD XHTML 1.0 Transitional//EN"
    "http://www.w3.org/TR/xhtml1/DTD/xhtml1-transitional.dtd">
<html xmlns="http://www.w3.org/1999/xhtml" xml:lang="en" lang="en">
 <head>
  <title>
</title>
<meta http-equiv="Content-Type" content="text/html;charset=utf-8" />
  <meta name='ocr-system' content='tesseract 3.04.00' />
  <meta name='ocr-capabilities' content='ocr_page ocr_carea ocr_par ocr_line ocrx_word'/>
</head>
<body>
  <div class='ocr_page' id='page_1' title='image "./thoukydidoutouol02thucuoft_0037.png"; bbox 0 0 2166 2777; ppageno 0'>
   <div class='ocr_carea' id='block_1_1' title="bbox 301 64 1989 138">
    <p class='ocr_par' dir='ltr' id='par_1_1' title="bbox 301 64 1989 138">
     <span class='ocr_line' id='line_1_1' title="bbox 301 64 1989 138; baseline -0.004 -23"><span class='ocrx_word' id='word_1_1' title='bbox 301 64 813 138; x_wconf 73' lang='lat' dir='ltr'>DVKERr</span> <span class='ocrx_word' id='word_1_2' title='bbox 914 65 1718 111; x_wconf 75' lang='lat' dir='ltr'>PRAEFATro.</span> <span class='ocrx_word' id='word_1_3' title='bbox 1860 80 1989 109; x_wconf 66' lang='lat' dir='ltr'>xm</span> 
     </span>
    </p>
   </div>
   <div class='ocr_carea' id='block_1_2' title="bbox 5 172 1987 2618">
    <p class='ocr_par' dir='ltr' id='par_1_2' title="bbox 5 172 1987 1366">
     <span class='ocr_line' id='line_1_2' title="bbox 140 172 1984 234; baseline -0.003 -14"><span class='ocrx_word' id='word_1_4' title='bbox 140 180 219 222; x_wconf 74' lang='lat' dir='ltr'>vSed</span> <span class='ocrx_word' id='word_1_5' title='bbox 236 180 469 234; x_wconf 71' lang='lat' dir='ltr'>praeuaricarae&#39;,</span> <span class='ocrx_word' id='word_1_6' title='bbox 499 175 535 215; x_wconf 88' lang='lat' dir='ltr'>id</span> <span class='ocrx_word' id='word_1_7' title='bbox 551 175 613 221; x_wconf 87' lang='lat' dir='ltr'>est,</span> <span class='ocrx_word' id='word_1_8' title='bbox 645 184 686 214; x_wconf 88' lang='lat' dir='ltr'>vt</span> <span class='ocrx_word' id='word_1_9' title='bbox 710 176 863 227; x_wconf 84' lang='lat' dir='ltr'>opinor,</span> <span class='ocrx_word' id='word_1_10' title='bbox 878 172 940 214; x_wconf 60' lang='lat' dir='ltr'>“de</span> <span class='ocrx_word' id='word_1_11' title='bbox 955 173 1160 228; x_wconf 57' lang='lat' dir='ltr'>compacto</span> <span class='ocrx_word' id='word_1_12' title='bbox 1183 189 1336 216; x_wconf 88' lang='lat' dir='ltr'>mecum</span> <span class='ocrx_word' id='word_1_13' title='bbox 1355 188 1463 228; x_wconf 84' lang='lat' dir='ltr'>agere</span> <span class='ocrx_word' id='word_1_14' title='bbox 1479 179 1530 217; x_wconf 86' lang='lat' dir='ltr'>ait</span> <span class='ocrx_word' id='word_1_15' title='bbox 1545 175 1760 230; x_wconf 85' lang='lat' dir='ltr'>Lipfienses.</span> <span class='ocrx_word' id='word_1_16' title='bbox 1816 176 1869 216; x_wconf 89' lang='lat' dir='ltr'>At</span> <span class='ocrx_word' id='word_1_17' title='bbox 1885 188 1984 229; x_wconf 88' lang='lat' dir='ltr'>quo-</span> 
     </span>
     <span class='ocr_line' id='line_1_3' title="bbox 23 229 1982 287; baseline -0.005 -6"><span class='ocrx_word' id='word_1_18' title='bbox 23 278 28 281; x_wconf 31' lang='lat'><em>&lt;</em></span> <span class='ocrx_word' id='word_1_19' title='bbox 45 238 167 280; x_wconf 75' lang='lat' dir='ltr'>modo</span> <span class='ocrx_word' id='word_1_20' title='bbox 186 238 232 278; x_wconf 92' lang='lat' dir='ltr'>de</span> <span class='ocrx_word' id='word_1_21' title='bbox 249 232 474 287; x_wconf 65' lang='lat' dir='ltr'>compacto?</span> <span class='ocrx_word' id='word_1_22' title='bbox 503 245 623 286; x_wconf 87' lang='lat' dir='ltr'>quum</span> <span class='ocrx_word' id='word_1_23' title='bbox 649 245 774 286; x_wconf 88' lang='lat' dir='ltr'>neque</span> <span class='ocrx_word' id='word_1_24' title='bbox 798 244 872 282; x_wconf 82' lang='lat' dir='ltr'>ego</span> <span class='ocrx_word' id='word_1_25' title='bbox 888 231 958 271; x_wconf 89' lang='lat' dir='ltr'>illis</span> <span class='ocrx_word' id='word_1_26' title='bbox 975 229 1112 272; x_wconf 66' lang='lat' dir='ltr'>auctor</span> <span class='ocrx_word' id='word_1_27' title='bbox 1136 230 1273 273; x_wconf 90' lang='lat' dir='ltr'>fuerim</span> <span class='ocrx_word' id='word_1_28' title='bbox 1291 247 1344 283; x_wconf 85' lang='lat' dir='ltr'>ea,</span> <span class='ocrx_word' id='word_1_29' title='bbox 1371 247 1467 287; x_wconf 86' lang='lat' dir='ltr'>quae</span> <span class='ocrx_word' id='word_1_30' title='bbox 1485 234 1622 274; x_wconf 85' lang='lat' dir='ltr'>deinde</span> <span class='ocrx_word' id='word_1_31' title='bbox 1636 233 1699 274; x_wconf 91' lang='lat' dir='ltr'>hic</span> <span class='ocrx_word' id='word_1_32' title='bbox 1717 234 1868 285; x_wconf 85' lang='lat' dir='ltr'>repetita</span> <span class='ocrx_word' id='word_1_33' title='bbox 1885 232 1982 280; x_wconf 87' lang='lat' dir='ltr'>sunt,</span> 
     </span>
     <span class='ocr_line' id='line_1_4' title="bbox 44 288 1982 347; baseline -0.004 -12"><span class='ocrx_word' id='word_1_34' title='bbox 44 295 232 347; x_wconf 84' lang='lat' dir='ltr'>vulgandi,</span> <span class='ocrx_word' id='word_1_35' title='bbox 264 304 386 346; x_wconf 88' lang='lat' dir='ltr'>neque</span> <span class='ocrx_word' id='word_1_36' title='bbox 406 288 613 330; x_wconf 61' lang='lat' dir='ltr'>dcl-factum</span> <span class='ocrx_word' id='word_1_37' title='bbox 638 296 723 328; x_wconf 86' lang='lat' dir='ltr'>aute</span> <span class='ocrx_word' id='word_1_38' title='bbox 739 288 926 338; x_wconf 67' lang='lat' dir='ltr'>sciuerint,</span> <span class='ocrx_word' id='word_1_39' title='bbox 955 298 1069 343; x_wconf 87' lang='lat' dir='ltr'>quam</span> <span class='ocrx_word' id='word_1_40' title='bbox 1094 288 1301 342; x_wconf 83' lang='lat' dir='ltr'>bibliopola</span> <span class='ocrx_word' id='word_1_41' title='bbox 1317 289 1570 339; x_wconf 64' lang='lat' dir='ltr'>Traiedlinus‚</span> <span class='ocrx_word' id='word_1_42' title='bbox 1600 291 1645 330; x_wconf 89' lang='lat' dir='ltr'>ad</span> <span class='ocrx_word' id='word_1_43' title='bbox 1669 304 1785 344; x_wconf 89' lang='lat' dir='ltr'>quem</span> <span class='ocrx_word' id='word_1_44' title='bbox 1804 289 1982 341; x_wconf 84' lang='lat' dir='ltr'>expostu-</span> 
     </span>
     <span class='ocr_line' id='line_1_5' title="bbox 12 342 1984 401; baseline -0.005 -9"><span class='ocrx_word' id='word_1_45' title='bbox 12 354 18 357; x_wconf 65' lang='grc'><strong>’</strong></span> <span class='ocrx_word' id='word_1_46' title='bbox 44 351 141 392; x_wconf 89' lang='lat' dir='ltr'>landi</span> <span class='ocrx_word' id='word_1_47' title='bbox 157 351 203 390; x_wconf 89' lang='lat' dir='ltr'>de</span> <span class='ocrx_word' id='word_1_48' title='bbox 219 349 286 393; x_wconf 88' lang='lat' dir='ltr'>his,</span> <span class='ocrx_word' id='word_1_49' title='bbox 314 360 409 401; x_wconf 89' lang='lat' dir='ltr'>quae</span> <span class='ocrx_word' id='word_1_50' title='bbox 422 342 472 386; x_wconf 53' lang='lat' dir='ltr'>&#39;de</span> <span class='ocrx_word' id='word_1_51' title='bbox 490 358 553 385; x_wconf 90' lang='lat' dir='ltr'>me</span> <span class='ocrx_word' id='word_1_52' title='bbox 574 345 774 396; x_wconf 78' lang='lat' dir='ltr'>scripserat,</span> <span class='ocrx_word' id='word_1_53' title='bbox 803 345 907 384; x_wconf 84' lang='lat' dir='ltr'>causa</span> <span class='ocrx_word' id='word_1_54' title='bbox 926 358 1114 392; x_wconf 82' lang='lat' dir='ltr'>veneram,</span> <span class='ocrx_word' id='word_1_55' title='bbox 1144 346 1238 386; x_wconf 84' lang='lat' dir='ltr'>mihi</span> <span class='ocrx_word' id='word_1_56' title='bbox 1265 347 1429 386; x_wconf 88' lang='lat' dir='ltr'>chartam</span> <span class='ocrx_word' id='word_1_57' title='bbox 1454 348 1555 387; x_wconf 86' lang='lat' dir='ltr'>illam</span> <span class='ocrx_word' id='word_1_58' title='bbox 1570 346 1797 400; x_wconf 70' lang='lat' dir='ltr'>Lipsiensem</span> <span class='ocrx_word' id='word_1_59' title='bbox 1816 346 1984 398; x_wconf 79' lang='lat' dir='ltr'>praeien-</span> 
     </span>
     <span class='ocr_line' id='line_1_6' title="bbox 44 400 1983 455; baseline -0.004 -6"><span class='ocrx_word' id='word_1_60' title='bbox 44 408 141 449; x_wconf 88' lang='lat' dir='ltr'>tibus</span> <span class='ocrx_word' id='word_1_61' title='bbox 158 406 236 446; x_wconf 85' lang='lat' dir='ltr'>aliis</span> <span class='ocrx_word' id='word_1_62' title='bbox 254 403 426 444; x_wconf 86' lang='lat' dir='ltr'>ostendit.</span> <span class='ocrx_word' id='word_1_63' title='bbox 485 405 583 441; x_wconf 82' lang='lat' dir='ltr'>Nam</span> <span class='ocrx_word' id='word_1_64' title='bbox 602 401 708 455; x_wconf 89' lang='lat' dir='ltr'>quod</span> <span class='ocrx_word' id='word_1_65' title='bbox 725 400 771 442; x_wconf 89' lang='lat' dir='ltr'>de</span> <span class='ocrx_word' id='word_1_66' title='bbox 797 404 1021 441; x_wconf 81' lang='lat' dir='ltr'>commercii</span> <span class='ocrx_word' id='word_1_67' title='bbox 1039 402 1246 454; x_wconf 80' lang='lat' dir='ltr'>epistolaris</span> <span class='ocrx_word' id='word_1_68' title='bbox 1274 406 1369 444; x_wconf 88' lang='lat' dir='ltr'>inter</span> <span class='ocrx_word' id='word_1_69' title='bbox 1386 418 1449 445; x_wconf 88' lang='lat' dir='ltr'>me</span> <span class='ocrx_word' id='word_1_70' title='bbox 1464 415 1502 444; x_wconf 88' lang='lat' dir='ltr'>et</span> <span class='ocrx_word' id='word_1_71' title='bbox 1518 405 1604 444; x_wconf 86' lang='lat' dir='ltr'>illos</span> <span class='ocrx_word' id='word_1_72' title='bbox 1621 403 1886 444; x_wconf 78' lang='lat' dir='ltr'>necessitudine</span> <span class='ocrx_word' id='word_1_73' title='bbox 1904 414 1983 453; x_wconf 82' lang='lat' dir='ltr'>gar-</span> 
     </span>
     <span class='ocr_line' id='line_1_7' title="bbox 42 457 1984 516; baseline -0.003 -12"><span class='ocrx_word' id='word_1_74' title='bbox 42 468 98 515; x_wconf 87' lang='lat' dir='ltr'>rit,</span> <span class='ocrx_word' id='word_1_75' title='bbox 123 463 316 513; x_wconf 87' lang='lat' dir='ltr'>somnium</span> <span class='ocrx_word' id='word_1_76' title='bbox 332 460 401 500; x_wconf 87' lang='lat' dir='ltr'>est:</span> <span class='ocrx_word' id='word_1_77' title='bbox 427 473 552 514; x_wconf 77' lang='lat' dir='ltr'>neque</span> <span class='ocrx_word' id='word_1_78' title='bbox 567 460 670 498; x_wconf 90' lang='lat' dir='ltr'>enim</span> <span class='ocrx_word' id='word_1_79' title='bbox 688 457 780 496; x_wconf 64' lang='lat' dir='ltr'>ocs&#39;to</span> <span class='ocrx_word' id='word_1_80' title='bbox 799 461 907 497; x_wconf 85' lang='lat' dir='ltr'>annis</span> <span class='ocrx_word' id='word_1_81' title='bbox 923 457 1008 511; x_wconf 86' lang='lat' dir='ltr'>plus</span> <span class='ocrx_word' id='word_1_82' title='bbox 1024 467 1232 512; x_wconf 86' lang='lat' dir='ltr'>quaternas,</span> <span class='ocrx_word' id='word_1_83' title='bbox 1261 470 1323 499; x_wconf 88' lang='lat' dir='ltr'>aut</span> <span class='ocrx_word' id='word_1_84' title='bbox 1347 460 1542 501; x_wconf 75' lang='lat' dir='ltr'>summum</span> <span class='ocrx_word' id='word_1_85' title='bbox 1560 464 1706 516; x_wconf 87' lang='lat' dir='ltr'>quinas,</span> <span class='ocrx_word' id='word_1_86' title='bbox 1732 459 1777 501; x_wconf 89' lang='lat' dir='ltr'>ab</span> <span class='ocrx_word' id='word_1_87' title='bbox 1800 461 1845 499; x_wconf 86' lang='lat' dir='ltr'>iis</span> <span class='ocrx_word' id='word_1_88' title='bbox 1862 459 1984 498; x_wconf 83' lang='lat' dir='ltr'>literas</span> 
     </span>
     <span class='ocr_line' id='line_1_8' title="bbox 42 512 1987 572; baseline -0.003 -12"><span class='ocrx_word' id='word_1_89' title='bbox 42 522 180 572; x_wconf 85' lang='lat' dir='ltr'>accepi,</span> <span class='ocrx_word' id='word_1_90' title='bbox 205 529 247 558; x_wconf 85' lang='lat' dir='ltr'>a&#39;c</span> <span class='ocrx_word' id='word_1_91' title='bbox 264 530 311 557; x_wconf 89' lang='lat' dir='ltr'>ne</span> <span class='ocrx_word' id='word_1_92' title='bbox 327 516 484 571; x_wconf 86' lang='lat' dir='ltr'>quidem</span> <span class='ocrx_word' id='word_1_93' title='bbox 501 528 568 556; x_wconf 90' lang='lat' dir='ltr'>eos</span> <span class='ocrx_word' id='word_1_94' title='bbox 585 514 631 554; x_wconf 90' lang='lat' dir='ltr'>de</span> <span class='ocrx_word' id='word_1_95' title='bbox 646 512 850 553; x_wconf 82' lang='lat' dir='ltr'>infamibus</span> <span class='ocrx_word' id='word_1_96' title='bbox 867 515 938 554; x_wconf 88' lang='lat' dir='ltr'>illis</span> <span class='ocrx_word' id='word_1_97' title='bbox 956 516 1139 554; x_wconf 84' lang='lat' dir='ltr'>Vindiciis</span> <span class='ocrx_word' id='word_1_98' title='bbox 1158 519 1334 557; x_wconf 85' lang='lat' dir='ltr'>certiores</span> <span class='ocrx_word' id='word_1_99' title='bbox 1357 515 1550 558; x_wconf 84' lang='lat' dir='ltr'>faciendos</span> <span class='ocrx_word' id='word_1_100' title='bbox 1569 521 1712 570; x_wconf 89' lang='lat' dir='ltr'>putaui.</span> <span class='ocrx_word' id='word_1_101' title='bbox 1770 519 1852 567; x_wconf 86' lang='lat' dir='ltr'>Ego</span> <span class='ocrx_word' id='word_1_102' title='bbox 1869 527 1987 568; x_wconf 87' lang='lat' dir='ltr'>porro</span> 
     </span>
     <span class='ocr_line' id='line_1_9' title="bbox 40 570 1987 628; baseline -0.004 -11"><span class='ocrx_word' id='word_1_103' title='bbox 40 576 139 618; x_wconf 88' lang='lat' dir='ltr'>solus</span> <span class='ocrx_word' id='word_1_104' title='bbox 157 576 253 625; x_wconf 85' lang='lat' dir='ltr'>sum,</span> <span class='ocrx_word' id='word_1_105' title='bbox 283 577 349 628; x_wconf 89' lang='lat' dir='ltr'>qui</span> <span class='ocrx_word' id='word_1_106' title='bbox 371 586 452 614; x_wconf 91' lang='lat' dir='ltr'>non</span> <span class='ocrx_word' id='word_1_107' title='bbox 479 571 684 612; x_wconf 79' lang='lat' dir='ltr'>maximam</span> <span class='ocrx_word' id='word_1_108' title='bbox 709 570 755 609; x_wconf 91' lang='lat' dir='ltr'>de</span> <span class='ocrx_word' id='word_1_109' title='bbox 780 574 872 610; x_wconf 85' lang='lat' dir='ltr'>tanti</span> <span class='ocrx_word' id='word_1_110' title='bbox 888 573 968 611; x_wconf 86' lang='lat' dir='ltr'>Viri</span> <span class='ocrx_word' id='word_1_111' title='bbox 990 572 1205 612; x_wconf 87' lang='lat' dir='ltr'>eruditione</span> <span class='ocrx_word' id='word_1_112' title='bbox 1230 576 1458 626; x_wconf 88' lang='lat' dir='ltr'>opinionem</span> <span class='ocrx_word' id='word_1_113' title='bbox 1477 574 1621 625; x_wconf 86' lang='lat' dir='ltr'>habeat,</span> <span class='ocrx_word' id='word_1_114' title='bbox 1652 585 1692 615; x_wconf 94' lang='lat' dir='ltr'>vt</span> <span class='ocrx_word' id='word_1_115' title='bbox 1708 588 1787 614; x_wconf 90' lang='lat' dir='ltr'>non</span> <span class='ocrx_word' id='word_1_116' title='bbox 1804 572 1897 612; x_wconf 89' lang='lat' dir='ltr'>alius</span> <span class='ocrx_word' id='word_1_117' title='bbox 1916 571 1987 611; x_wconf 89' lang='lat' dir='ltr'>illis</span> 
     </span>
     <span class='ocr_line' id='line_1_10' title="bbox 39 626 1985 684; baseline -0.003 -10"><span class='ocrx_word' id='word_1_118' title='bbox 39 644 114 674; x_wconf 84' lang='lat' dir='ltr'>tam</span> <span class='ocrx_word' id='word_1_119' title='bbox 129 631 249 673; x_wconf 86' lang='lat' dir='ltr'>acerbi</span> <span class='ocrx_word' id='word_1_120' title='bbox 265 641 302 671; x_wconf 89' lang='lat' dir='ltr'>et</span> <span class='ocrx_word' id='word_1_121' title='bbox 327 632 459 684; x_wconf 88' lang='lat' dir='ltr'>iniqui,</span> <span class='ocrx_word' id='word_1_122' title='bbox 491 638 531 669; x_wconf 86' lang='lat' dir='ltr'>vt</span> <span class='ocrx_word' id='word_1_123' title='bbox 555 638 668 681; x_wconf 86' lang='lat' dir='ltr'>putat,</span> <span class='ocrx_word' id='word_1_124' title='bbox 693 628 824 667; x_wconf 89' lang='lat' dir='ltr'>iudicii</span> <span class='ocrx_word' id='word_1_125' title='bbox 847 626 980 667; x_wconf 60' lang='lat' dir='ltr'>audior</span> <span class='ocrx_word' id='word_1_126' title='bbox 1003 628 1073 668; x_wconf 78' lang='lat' dir='ltr'>effe</span> <span class='ocrx_word' id='word_1_127' title='bbox 1091 629 1282 681; x_wconf 81' lang='lat' dir='ltr'>potuerit?</span> <span class='ocrx_word' id='word_1_128' title='bbox 1316 630 1432 670; x_wconf 80' lang='lat' dir='ltr'>Valde</span> <span class='ocrx_word' id='word_1_129' title='bbox 1456 628 1520 671; x_wconf 91' lang='lat' dir='ltr'>fibi</span> <span class='ocrx_word' id='word_1_130' title='bbox 1546 632 1678 684; x_wconf 88' lang='lat' dir='ltr'>placet,</span> <span class='ocrx_word' id='word_1_131' title='bbox 1712 630 1736 670; x_wconf 89' lang='lat' dir='ltr'>fi</span> <span class='ocrx_word' id='word_1_132' title='bbox 1762 630 1839 670; x_wconf 91' lang='lat' dir='ltr'>hoc</span> <span class='ocrx_word' id='word_1_133' title='bbox 1856 629 1985 669; x_wconf 85' lang='lat' dir='ltr'>credit.</span> 
     </span>
     <span class='ocr_line' id='line_1_11' title="bbox 38 684 1986 742; baseline -0.003 -12"><span class='ocrx_word' id='word_1_134' title='bbox 38 693 134 731; x_wconf 89' lang='lat' dir='ltr'>Nam</span> <span class='ocrx_word' id='word_1_135' title='bbox 154 687 178 728; x_wconf 90' lang='lat' dir='ltr'><strong>fi</strong></span> <span class='ocrx_word' id='word_1_136' title='bbox 197 687 291 728; x_wconf 88' lang='lat' dir='ltr'>mihi</span> <span class='ocrx_word' id='word_1_137' title='bbox 311 699 542 741; x_wconf 84' lang='lat' dir='ltr'>quemquam</span> <span class='ocrx_word' id='word_1_138' title='bbox 566 687 791 724; x_wconf 82' lang='lat' dir='ltr'>immanitati</span> <span class='ocrx_word' id='word_1_139' title='bbox 815 697 857 724; x_wconf 89' lang='lat' dir='ltr'>ac</span> <span class='ocrx_word' id='word_1_140' title='bbox 877 684 1122 725; x_wconf 85' lang='lat' dir='ltr'>truculentiae</span> <span class='ocrx_word' id='word_1_141' title='bbox 1145 686 1244 726; x_wconf 86' lang='lat' dir='ltr'>illius</span> <span class='ocrx_word' id='word_1_142' title='bbox 1267 686 1434 727; x_wconf 82' lang='lat' dir='ltr'>obiicere</span> <span class='ocrx_word' id='word_1_143' title='bbox 1458 687 1617 742; x_wconf 79' lang='lat' dir='ltr'>luberet,</span> <span class='ocrx_word' id='word_1_144' title='bbox 1643 701 1713 728; x_wconf 88' lang='lat' dir='ltr'>nec</span> <span class='ocrx_word' id='word_1_145' title='bbox 1733 699 1886 740; x_wconf 86' lang='lat' dir='ltr'>paucos,</span> <span class='ocrx_word' id='word_1_146' title='bbox 1915 698 1986 725; x_wconf 85' lang='lat' dir='ltr'>nee</span> 
     </span>
     <span class='ocr_line' id='line_1_12' title="bbox 5 740 1986 800; baseline -0.003 -12"><span class='ocrx_word' id='word_1_147' title='bbox 5 765 10 769; x_wconf 68' lang='grc'><em>“</em></span> <span class='ocrx_word' id='word_1_148' title='bbox 38 744 216 789; x_wconf 60' lang='lat' dir='ltr'>indoctos</span> <span class='ocrx_word' id='word_1_149' title='bbox 239 746 274 785; x_wconf 89' lang='lat' dir='ltr'>ei</span> <span class='ocrx_word' id='word_1_150' title='bbox 299 745 495 784; x_wconf 86' lang='lat' dir='ltr'>nominare</span> <span class='ocrx_word' id='word_1_151' title='bbox 520 741 773 796; x_wconf 83' lang='lat' dir='ltr'>poffem‚·qui</span> <span class='ocrx_word' id='word_1_152' title='bbox 795 740 910 788; x_wconf 82' lang='lat' dir='ltr'>idem,</span> <span class='ocrx_word' id='word_1_153' title='bbox 942 742 1049 796; x_wconf 91' lang='lat' dir='ltr'>quod</span> <span class='ocrx_word' id='word_1_154' title='bbox 1073 741 1289 794; x_wconf 85' lang='lat' dir='ltr'>Lipsienses,</span> <span class='ocrx_word' id='word_1_155' title='bbox 1314 745 1501 794; x_wconf 76' lang='lat' dir='ltr'>iudicant3</span> <span class='ocrx_word' id='word_1_156' title='bbox 1530 749 1597 800; x_wconf 89' lang='lat' dir='ltr'>qui</span> <span class='ocrx_word' id='word_1_157' title='bbox 1622 759 1688 785; x_wconf 91' lang='lat' dir='ltr'>cur</span> <span class='ocrx_word' id='word_1_158' title='bbox 1704 746 1822 795; x_wconf 84' lang='lat' dir='ltr'>magis</span> <span class='ocrx_word' id='word_1_159' title='bbox 1840 743 1886 782; x_wconf 91' lang='lat' dir='ltr'>de</span> <span class='ocrx_word' id='word_1_160' title='bbox 1905 742 1986 795; x_wconf 79' lang='lat' dir='ltr'>illo,</span> 
     </span>
     <span class='ocr_line' id='line_1_13' title="bbox 39 798 1986 859; baseline -0.002 -16"><span class='ocrx_word' id='word_1_161' title='bbox 39 816 155 859; x_wconf 89' lang='lat' dir='ltr'>quam</span> <span class='ocrx_word' id='word_1_162' title='bbox 170 801 215 842; x_wconf 91' lang='lat' dir='ltr'>de</span> <span class='ocrx_word' id='word_1_163' title='bbox 232 798 323 850; x_wconf 86' lang='lat' dir='ltr'>aliis,</span> <span class='ocrx_word' id='word_1_164' title='bbox 352 799 540 839; x_wconf 81' lang='lat' dir='ltr'>iudicium</span> <span class='ocrx_word' id='word_1_165' title='bbox 565 811 698 838; x_wconf 88' lang='lat' dir='ltr'>meum</span> <span class='ocrx_word' id='word_1_166' title='bbox 722 800 966 851; x_wconf 85' lang='lat' dir='ltr'>requirerent,</span> <span class='ocrx_word' id='word_1_167' title='bbox 996 799 1100 838; x_wconf 82' lang='lat' dir='ltr'>causa</span> <span class='ocrx_word' id='word_1_168' title='bbox 1123 813 1203 839; x_wconf 87' lang='lat' dir='ltr'>non</span> <span class='ocrx_word' id='word_1_169' title='bbox 1227 809 1313 841; x_wconf 90' lang='lat' dir='ltr'>erat.</span> <span class='ocrx_word' id='word_1_170' title='bbox 1355 801 1443 847; x_wconf 49' lang='lat' dir='ltr'>aSed</span> <span class='ocrx_word' id='word_1_171' title='bbox 1469 816 1593 857; x_wconf 88' lang='lat' dir='ltr'>neque</span> <span class='ocrx_word' id='word_1_172' title='bbox 1610 802 1712 842; x_wconf 87' lang='lat' dir='ltr'>solus</span> <span class='ocrx_word' id='word_1_173' title='bbox 1739 799 1786 842; x_wconf 89' lang='lat' dir='ltr'>ad</span> <span class='ocrx_word' id='word_1_174' title='bbox 1803 799 1887 840; x_wconf 91' lang='lat' dir='ltr'>illos</span> <span class='ocrx_word' id='word_1_175' title='bbox 1902 799 1986 839; x_wconf 85' lang='lat' dir='ltr'>scri·</span> 
     </span>
     <span class='ocr_line' id='line_1_14' title="bbox 38 854 1984 911; baseline -0.003 -11"><span class='ocrx_word' id='word_1_176' title='bbox 38 859 110 903; x_wconf 87' lang='lat' dir='ltr'>bo:</span> <span class='ocrx_word' id='word_1_177' title='bbox 137 868 272 899; x_wconf 89' lang='lat' dir='ltr'>namet</span> <span class='ocrx_word' id='word_1_178' title='bbox 288 856 362 907; x_wconf 90' lang='lat' dir='ltr'>hic,</span> <span class='ocrx_word' id='word_1_179' title='bbox 384 860 524 908; x_wconf 83' lang='lat' dir='ltr'>Hagae,</span> <span class='ocrx_word' id='word_1_180' title='bbox 555 854 746 907; x_wconf 85' lang='lat' dir='ltr'>Lugduni,</span> <span class='ocrx_word' id='word_1_181' title='bbox 776 854 1062 906; x_wconf 86' lang='lat' dir='ltr'>Amstelodami,</span> <span class='ocrx_word' id='word_1_182' title='bbox 1092 865 1129 895; x_wconf 87' lang='lat' dir='ltr'>et</span> <span class='ocrx_word' id='word_1_183' title='bbox 1153 859 1191 896; x_wconf 89' lang='lat' dir='ltr'>in</span> <span class='ocrx_word' id='word_1_184' title='bbox 1217 857 1296 897; x_wconf 84' lang='lat' dir='ltr'>aliis</span> <span class='ocrx_word' id='word_1_185' title='bbox 1319 856 1435 898; x_wconf 88' lang='lat' dir='ltr'>huius</span> <span class='ocrx_word' id='word_1_186' title='bbox 1450 858 1566 911; x_wconf 84' lang='lat' dir='ltr'>Belgii</span> <span class='ocrx_word' id='word_1_187' title='bbox 1591 858 1745 899; x_wconf 87' lang='lat' dir='ltr'>vrbibus</span> <span class='ocrx_word' id='word_1_188' title='bbox 1770 857 1866 902; x_wconf 82' lang='lat' dir='ltr'>sunt,</span> <span class='ocrx_word' id='word_1_189' title='bbox 1892 869 1984 896; x_wconf 87' lang='lat' dir='ltr'>cum</span> 
     </span>
     <span class='ocr_line' id='line_1_15' title="bbox 39 911 1983 972; baseline -0.002 -16"><span class='ocrx_word' id='word_1_190' title='bbox 39 919 176 972; x_wconf 90' lang='lat' dir='ltr'>quibus</span> <span class='ocrx_word' id='word_1_191' title='bbox 201 914 270 954; x_wconf 87' lang='lat' dir='ltr'>illis</span> <span class='ocrx_word' id='word_1_192' title='bbox 295 915 571 953; x_wconf 88' lang='lat' dir='ltr'>commercium</span> <span class='ocrx_word' id='word_1_193' title='bbox 597 911 790 964; x_wconf 88' lang='lat' dir='ltr'>epistolare</span> <span class='ocrx_word' id='word_1_194' title='bbox 813 911 1019 952; x_wconf 83' lang='lat' dir='ltr'>intercedit.</span> <span class='ocrx_word' id='word_1_195' title='bbox 1081 912 1152 952; x_wconf 89' lang='lat' dir='ltr'>Sed</span> <span class='ocrx_word' id='word_1_196' title='bbox 1178 912 1320 968; x_wconf 89' lang='lat' dir='ltr'>vbique</span> <span class='ocrx_word' id='word_1_197' title='bbox 1348 918 1580 964; x_wconf 83' lang='lat' dir='ltr'>vaticinatur,</span> <span class='ocrx_word' id='word_1_198' title='bbox 1624 925 1673 967; x_wconf 87' lang='lat' dir='ltr'>et,</span> <span class='ocrx_word' id='word_1_199' title='bbox 1706 913 1813 969; x_wconf 91' lang='lat' dir='ltr'>quod</span> <span class='ocrx_word' id='word_1_200' title='bbox 1838 913 1983 965; x_wconf 87' lang='lat' dir='ltr'>semper</span> 
     </span>
     <span class='ocr_line' id='line_1_16' title="bbox 35 966 1983 1026; baseline -0.002 -15"><span class='ocrx_word' id='word_1_201' title='bbox 35 972 219 1025; x_wconf 84' lang='lat' dir='ltr'>malignae</span> <span class='ocrx_word' id='word_1_202' title='bbox 245 984 288 1011; x_wconf 88' lang='lat' dir='ltr'>ac</span> <span class='ocrx_word' id='word_1_203' title='bbox 314 970 486 1023; x_wconf 85' lang='lat' dir='ltr'>peffimae</span> <span class='ocrx_word' id='word_1_204' title='bbox 510 967 651 1008; x_wconf 85' lang='lat' dir='ltr'>indolis</span> <span class='ocrx_word' id='word_1_205' title='bbox 675 966 846 1007; x_wconf 86' lang='lat' dir='ltr'>habitum</span> <span class='ocrx_word' id='word_1_206' title='bbox 870 966 953 1012; x_wconf 84' lang='lat' dir='ltr'>fuit,</span> <span class='ocrx_word' id='word_1_207' title='bbox 989 969 1266 1021; x_wconf 82' lang='lat' dir='ltr'>suspicionibus</span> <span class='ocrx_word' id='word_1_208' title='bbox 1291 971 1473 1023; x_wconf 78' lang='lat' dir='ltr'>indulget,</span> <span class='ocrx_word' id='word_1_209' title='bbox 1503 986 1552 1025; x_wconf 82' lang='lat' dir='ltr'>ex</span> <span class='ocrx_word' id='word_1_210' title='bbox 1581 975 1715 1026; x_wconf 81' lang='lat' dir='ltr'>iisque,</span> <span class='ocrx_word' id='word_1_211' title='bbox 1744 970 1852 1025; x_wconf 91' lang='lat' dir='ltr'>quod</span> <span class='ocrx_word' id='word_1_212' title='bbox 1876 972 1983 1023; x_wconf 87' lang='lat' dir='ltr'>peius</span> 
     </span>
     <span class='ocr_line' id='line_1_17' title="bbox 37 1022 1984 1081; baseline -0.003 -10"><span class='ocrx_word' id='word_1_213' title='bbox 37 1033 149 1071; x_wconf 82' lang='lat' dir='ltr'>etiam</span> <span class='ocrx_word' id='word_1_214' title='bbox 167 1029 231 1075; x_wconf 81' lang='lat' dir='ltr'>est,</span> <span class='ocrx_word' id='word_1_215' title='bbox 253 1026 496 1068; x_wconf 84' lang='lat' dir='ltr'>conuiciandi</span> <span class='ocrx_word' id='word_1_216' title='bbox 519 1035 555 1065; x_wconf 82' lang='lat' dir='ltr'>et</span> <span class='ocrx_word' id='word_1_217' title='bbox 579 1022 827 1065; x_wconf 87' lang='lat' dir='ltr'>maledicendi</span> <span class='ocrx_word' id='word_1_218' title='bbox 854 1025 977 1064; x_wconf 82' lang='lat' dir='ltr'>causas</span> <span class='ocrx_word' id='word_1_219' title='bbox 999 1028 1145 1077; x_wconf 85' lang='lat' dir='ltr'>arripit:</span> <span class='ocrx_word' id='word_1_220' title='bbox 1175 1030 1284 1066; x_wconf 87' lang='lat' dir='ltr'>cuius</span> <span class='ocrx_word' id='word_1_221' title='bbox 1309 1031 1454 1079; x_wconf 84' lang='lat' dir='ltr'>generis</span> <span class='ocrx_word' id='word_1_222' title='bbox 1471 1039 1508 1068; x_wconf 86' lang='lat' dir='ltr'>et</span> <span class='ocrx_word' id='word_1_223' title='bbox 1532 1030 1608 1069; x_wconf 90' lang='lat' dir='ltr'>hoc</span> <span class='ocrx_word' id='word_1_224' title='bbox 1627 1029 1690 1076; x_wconf 81' lang='lat' dir='ltr'>est,</span> <span class='ocrx_word' id='word_1_225' title='bbox 1718 1027 1825 1081; x_wconf 90' lang='lat' dir='ltr'>quod</span> <span class='ocrx_word' id='word_1_226' title='bbox 1847 1040 1910 1068; x_wconf 88' lang='lat' dir='ltr'>me</span> <span class='ocrx_word' id='word_1_227' title='bbox 1927 1026 1984 1065; x_wconf 92' lang='lat' dir='ltr'>lu-</span> 
     </span>
     <span class='ocr_line' id='line_1_18' title="bbox 35 1080 1983 1138; baseline -0.002 -11"><span class='ocrx_word' id='word_1_228' title='bbox 35 1086 257 1135; x_wconf 83' lang='lat' dir='ltr'>dibriorum,</span> <span class='ocrx_word' id='word_1_229' title='bbox 285 1083 423 1138; x_wconf 90' lang='lat' dir='ltr'>quibus</span> <span class='ocrx_word' id='word_1_230' title='bbox 446 1082 554 1123; x_wconf 84' lang='lat' dir='ltr'>faceti</span> <span class='ocrx_word' id='word_1_231' title='bbox 578 1081 732 1135; x_wconf 89' lang='lat' dir='ltr'>quidam</span> <span class='ocrx_word' id='word_1_232' title='bbox 753 1080 932 1122; x_wconf 88' lang='lat' dir='ltr'>homines</span> <span class='ocrx_word' id='word_1_233' title='bbox 957 1081 1148 1123; x_wconf 77' lang='lat' dir='ltr'>leuitatem</span> <span class='ocrx_word' id='word_1_234' title='bbox 1173 1086 1451 1138; x_wconf 84' lang='lat' dir='ltr'>vanitatemque</span> <span class='ocrx_word' id='word_1_235' title='bbox 1476 1085 1574 1125; x_wconf 87' lang='lat' dir='ltr'>illius</span> <span class='ocrx_word' id='word_1_236' title='bbox 1599 1085 1804 1126; x_wconf 80' lang='lat' dir='ltr'>notandam</span> <span class='ocrx_word' id='word_1_237' title='bbox 1822 1094 1983 1137; x_wconf 83' lang='lat' dir='ltr'>putaue-</span> 
     </span>
     <span class='ocr_line' id='line_1_19' title="bbox 35 1135 1984 1196; baseline -0.003 -12"><span class='ocrx_word' id='word_1_238' title='bbox 35 1153 136 1192; x_wconf 88' lang='lat' dir='ltr'>runt,</span> <span class='ocrx_word' id='word_1_239' title='bbox 166 1142 224 1182; x_wconf 87' lang='lat' dir='ltr'>vel</span> <span class='ocrx_word' id='word_1_240' title='bbox 244 1140 449 1188; x_wconf 63' lang='lat' dir='ltr'>auctorem,</span> <span class='ocrx_word' id='word_1_241' title='bbox 478 1138 538 1179; x_wconf 90' lang='lat' dir='ltr'>vel</span> <span class='ocrx_word' id='word_1_242' title='bbox 562 1138 759 1178; x_wconf 88' lang='lat' dir='ltr'>conscium</span> <span class='ocrx_word' id='word_1_243' title='bbox 783 1135 890 1178; x_wconf 71' lang='lat' dir='ltr'>fuisse</span> <span class='ocrx_word' id='word_1_244' title='bbox 912 1139 995 1179; x_wconf 86' lang='lat' dir='ltr'>satis</span> <span class='ocrx_word' id='word_1_245' title='bbox 1019 1149 1146 1191; x_wconf 86' lang='lat' dir='ltr'>aperte</span> <span class='ocrx_word' id='word_1_246' title='bbox 1167 1138 1366 1192; x_wconf 83' lang='lat' dir='ltr'>fignificat3</span> <span class='ocrx_word' id='word_1_247' title='bbox 1398 1142 1444 1182; x_wconf 92' lang='lat' dir='ltr'>de</span> <span class='ocrx_word' id='word_1_248' title='bbox 1459 1142 1598 1196; x_wconf 87' lang='lat' dir='ltr'>quibus</span> <span class='ocrx_word' id='word_1_249' title='bbox 1625 1141 1732 1192; x_wconf 84' lang='lat' dir='ltr'>mihi,</span> <span class='ocrx_word' id='word_1_250' title='bbox 1763 1144 1984 1195; x_wconf 86' lang='lat' dir='ltr'>priusquam</span> 
     </span>
     <span class='ocr_line' id='line_1_20' title="bbox 35 1193 1980 1253; baseline -0.003 -13"><span class='ocrx_word' id='word_1_251' title='bbox 35 1200 113 1253; x_wconf 88' lang='lat' dir='ltr'>ipse</span> <span class='ocrx_word' id='word_1_252' title='bbox 134 1199 203 1239; x_wconf 88' lang='lat' dir='ltr'>suo</span> <span class='ocrx_word' id='word_1_253' title='bbox 230 1198 268 1237; x_wconf 84' lang='lat' dir='ltr'>id</span> <span class='ocrx_word' id='word_1_254' title='bbox 294 1197 435 1237; x_wconf 88' lang='lat' dir='ltr'>indicio</span> <span class='ocrx_word' id='word_1_255' title='bbox 459 1195 638 1248; x_wconf 88' lang='lat' dir='ltr'>prodidit,</span> <span class='ocrx_word' id='word_1_256' title='bbox 665 1193 787 1234; x_wconf 88' lang='lat' dir='ltr'>nihilo</span> <span class='ocrx_word' id='word_1_257' title='bbox 812 1194 896 1246; x_wconf 85' lang='lat' dir='ltr'>plus</span> <span class='ocrx_word' id='word_1_258' title='bbox 921 1198 1149 1243; x_wconf 83' lang='lat' dir='ltr'>innotuerat,</span> <span class='ocrx_word' id='word_1_259' title='bbox 1179 1211 1293 1250; x_wconf 84' lang='lat' dir='ltr'>quam</span> <span class='ocrx_word' id='word_1_260' title='bbox 1320 1198 1366 1237; x_wconf 86' lang='lat' dir='ltr'>de</span> <span class='ocrx_word' id='word_1_261' title='bbox 1391 1201 1447 1247; x_wconf 85' lang='lat' dir='ltr'>iis,</span> <span class='ocrx_word' id='word_1_262' title='bbox 1478 1212 1574 1252; x_wconf 87' lang='lat' dir='ltr'>quae</span> <span class='ocrx_word' id='word_1_263' title='bbox 1600 1202 1637 1239; x_wconf 93' lang='lat' dir='ltr'>in</span> <span class='ocrx_word' id='word_1_264' title='bbox 1656 1203 1764 1238; x_wconf 85' lang='lat' dir='ltr'>Luna</span> <span class='ocrx_word' id='word_1_265' title='bbox 1787 1207 1980 1250; x_wconf 85' lang='lat' dir='ltr'>geruntur.</span> 
     </span>
     <span class='ocr_line' id='line_1_21' title="bbox 36 1251 1978 1310; baseline -0.001 -15"><span class='ocrx_word' id='word_1_266' title='bbox 36 1259 123 1307; x_wconf 78' lang='lat' dir='ltr'>Qua</span> <span class='ocrx_word' id='word_1_267' title='bbox 140 1255 294 1310; x_wconf 90' lang='lat' dir='ltr'>quidem</span> <span class='ocrx_word' id='word_1_268' title='bbox 310 1256 347 1292; x_wconf 92' lang='lat' dir='ltr'>in</span> <span class='ocrx_word' id='word_1_269' title='bbox 365 1266 404 1292; x_wconf 89' lang='lat' dir='ltr'>re</span> <span class='ocrx_word' id='word_1_270' title='bbox 420 1266 500 1292; x_wconf 90' lang='lat' dir='ltr'>non</span> <span class='ocrx_word' id='word_1_271' title='bbox 516 1252 598 1291; x_wconf 85' lang='lat' dir='ltr'>satis</span> <span class='ocrx_word' id='word_1_272' title='bbox 619 1253 728 1303; x_wconf 88' lang='lat' dir='ltr'>potui</span> <span class='ocrx_word' id='word_1_273' title='bbox 747 1253 873 1290; x_wconf 84' lang='lat' dir='ltr'>mirari</span> <span class='ocrx_word' id='word_1_274' title='bbox 890 1251 1078 1292; x_wconf 86' lang='lat' dir='ltr'>stultitiam</span> <span class='ocrx_word' id='word_1_275' title='bbox 1097 1254 1276 1305; x_wconf 86' lang='lat' dir='ltr'>hominis,</span> <span class='ocrx_word' id='word_1_276' title='bbox 1294 1257 1372 1308; x_wconf 90' lang='lat' dir='ltr'>qui,</span> <span class='ocrx_word' id='word_1_277' title='bbox 1404 1256 1510 1310; x_wconf 88' lang='lat' dir='ltr'>quod</span> <span class='ocrx_word' id='word_1_278' title='bbox 1525 1258 1653 1308; x_wconf 85' lang='lat' dir='ltr'>paucis</span> <span class='ocrx_word' id='word_1_279' title='bbox 1673 1258 1875 1307; x_wconf 77' lang='lat' dir='ltr'>cognitum</span> <span class='ocrx_word' id='word_1_280' title='bbox 1890 1263 1978 1306; x_wconf 85' lang='lat' dir='ltr'>erat,</span> 
     </span>
     <span class='ocr_line' id='line_1_22' title="bbox 32 1306 1890 1366; baseline -0.005 -14"><span class='ocrx_word' id='word_1_281' title='bbox 32 1313 111 1366; x_wconf 88' lang='lat' dir='ltr'>ipse</span> <span class='ocrx_word' id='word_1_282' title='bbox 128 1311 288 1363; x_wconf 81' lang='lat' dir='ltr'>vulgare,</span> <span class='ocrx_word' id='word_1_283' title='bbox 320 1311 575 1361; x_wconf 82' lang='lat' dir='ltr'>omniumque</span> <span class='ocrx_word' id='word_1_284' title='bbox 591 1308 638 1346; x_wconf 87' lang='lat' dir='ltr'>de</span> <span class='ocrx_word' id='word_1_285' title='bbox 660 1306 697 1346; x_wconf 87' lang='lat' dir='ltr'>se</span> <span class='ocrx_word' id='word_1_286' title='bbox 714 1307 803 1345; x_wconf 85' lang='lat' dir='ltr'>risus</span> <span class='ocrx_word' id='word_1_287' title='bbox 820 1310 1009 1348; x_wconf 88' lang='lat' dir='ltr'>concitare</span> <span class='ocrx_word' id='word_1_288' title='bbox 1027 1307 1198 1348; x_wconf 85' lang='lat' dir='ltr'>voluerit.</span> <span class='ocrx_word' id='word_1_289' title='bbox 1663 1354 1665 1358; x_wconf 71' lang='lat'>‚</span> <span class='ocrx_word' id='word_1_290' title='bbox 1886 1333 1890 1334; x_wconf 18' lang='grc' dir='ltr'><em>γ</em></span> 
     </span>
    </p>

    <p class='ocr_par' dir='ltr' id='par_1_3' title="bbox 23 1362 1981 2500">
     <span class='ocr_line' id='line_1_23' title="bbox 135 1362 1981 1424; baseline 0.001 -17"><span class='ocrx_word' id='word_1_291' title='bbox 135 1368 208 1408; x_wconf 86' lang='lat' dir='ltr'>Sed</span> <span class='ocrx_word' id='word_1_292' title='bbox 223 1365 314 1421; x_wconf 91' lang='lat' dir='ltr'>quid</span> <span class='ocrx_word' id='word_1_293' title='bbox 332 1365 483 1405; x_wconf 88' lang='lat' dir='ltr'>tandem</span> <span class='ocrx_word' id='word_1_294' title='bbox 504 1367 542 1404; x_wconf 87' lang='lat' dir='ltr'>in</span> <span class='ocrx_word' id='word_1_295' title='bbox 560 1363 618 1403; x_wconf 89' lang='lat' dir='ltr'>illa</span> <span class='ocrx_word' id='word_1_296' title='bbox 642 1362 880 1416; x_wconf 82' lang='lat' dir='ltr'>ephemeride</span> <span class='ocrx_word' id='word_1_297' title='bbox 899 1374 976 1404; x_wconf 88' lang='lat' dir='ltr'>tam</span> <span class='ocrx_word' id='word_1_298' title='bbox 1003 1364 1224 1417; x_wconf 81' lang='lat' dir='ltr'>inexpiabili</span> <span class='ocrx_word' id='word_1_299' title='bbox 1249 1368 1288 1406; x_wconf 90' lang='lat' dir='ltr'>in</span> <span class='ocrx_word' id='word_1_300' title='bbox 1306 1381 1369 1408; x_wconf 89' lang='lat' dir='ltr'>me</span> <span class='ocrx_word' id='word_1_301' title='bbox 1395 1370 1445 1408; x_wconf 87' lang='lat' dir='ltr'>ira</span> <span class='ocrx_word' id='word_1_302' title='bbox 1466 1378 1578 1424; x_wconf 86' lang='lat' dir='ltr'>atque</span> <span class='ocrx_word' id='word_1_303' title='bbox 1595 1369 1689 1411; x_wconf 90' lang='lat' dir='ltr'>odio</span> <span class='ocrx_word' id='word_1_304' title='bbox 1715 1369 1878 1424; x_wconf 86' lang='lat' dir='ltr'>dignum</span> <span class='ocrx_word' id='word_1_305' title='bbox 1895 1368 1981 1409; x_wconf 84' lang='lat' dir='ltr'>scri-</span> 
     </span>
     <span class='ocr_line' id='line_1_24' title="bbox 31 1419 1978 1480; baseline -0.001 -14"><span class='ocrx_word' id='word_1_306' title='bbox 31 1422 208 1466; x_wconf 82' lang='lat' dir='ltr'>bebatur?</span> <span class='ocrx_word' id='word_1_307' title='bbox 234 1425 425 1463; x_wconf 86' lang='lat' dir='ltr'>Nimirum</span> <span class='ocrx_word' id='word_1_308' title='bbox 444 1422 576 1461; x_wconf 86' lang='lat' dir='ltr'>censor</span> <span class='ocrx_word' id='word_1_309' title='bbox 591 1419 664 1469; x_wconf 86' lang='lat' dir='ltr'>ille,</span> <span class='ocrx_word' id='word_1_310' title='bbox 693 1422 759 1474; x_wconf 90' lang='lat' dir='ltr'>qui</span> <span class='ocrx_word' id='word_1_311' title='bbox 775 1419 852 1460; x_wconf 86' lang='lat' dir='ltr'>hoc</span> <span class='ocrx_word' id='word_1_312' title='bbox 867 1421 979 1461; x_wconf 86' lang='lat' dir='ltr'>suum</span> <span class='ocrx_word' id='word_1_313' title='bbox 998 1422 1045 1461; x_wconf 91' lang='lat' dir='ltr'>de</span> <span class='ocrx_word' id='word_1_314' title='bbox 1062 1435 1110 1462; x_wconf 87' lang='lat' dir='ltr'>eo</span> <span class='ocrx_word' id='word_1_315' title='bbox 1134 1423 1321 1463; x_wconf 85' lang='lat' dir='ltr'>iudicium</span> <span class='ocrx_word' id='word_1_316' title='bbox 1339 1428 1378 1464; x_wconf 92' lang='lat' dir='ltr'>in</span> <span class='ocrx_word' id='word_1_317' title='bbox 1396 1425 1594 1478; x_wconf 88' lang='lat' dir='ltr'>publicum</span> <span class='ocrx_word' id='word_1_318' title='bbox 1615 1427 1825 1480; x_wconf 83' lang='lat' dir='ltr'>proposuit,</span> <span class='ocrx_word' id='word_1_319' title='bbox 1850 1428 1978 1466; x_wconf 88' lang='lat' dir='ltr'>minus</span> 
     </span>
     <span class='ocr_line' id='line_1_25' title="bbox 32 1478 1980 1536; baseline -0.001 -13"><span class='ocrx_word' id='word_1_320' title='bbox 32 1481 232 1534; x_wconf 82' lang='lat' dir='ltr'>magnifice</span> <span class='ocrx_word' id='word_1_321' title='bbox 248 1479 293 1520; x_wconf 89' lang='lat' dir='ltr'>de</span> <span class='ocrx_word' id='word_1_322' title='bbox 307 1480 520 1520; x_wconf 83' lang='lat' dir='ltr'>eruditione</span> <span class='ocrx_word' id='word_1_323' title='bbox 537 1478 650 1526; x_wconf 80' lang='lat' dir='ltr'>illius,</span> <span class='ocrx_word' id='word_1_324' title='bbox 673 1490 787 1529; x_wconf 84' lang='lat' dir='ltr'>quam</span> <span class='ocrx_word' id='word_1_325' title='bbox 811 1478 898 1530; x_wconf 87' lang='lat' dir='ltr'>ipse,</span> <span class='ocrx_word' id='word_1_326' title='bbox 929 1478 1118 1519; x_wconf 88' lang='lat' dir='ltr'>sentiebat.</span> <span class='ocrx_word' id='word_1_327' title='bbox 1176 1483 1266 1520; x_wconf 91' lang='lat' dir='ltr'>Hoc</span> <span class='ocrx_word' id='word_1_328' title='bbox 1286 1491 1361 1521; x_wconf 92' lang='lat' dir='ltr'>erat</span> <span class='ocrx_word' id='word_1_329' title='bbox 1380 1482 1473 1522; x_wconf 90' lang='lat' dir='ltr'>illud</span> <span class='ocrx_word' id='word_1_330' title='bbox 1498 1482 1617 1531; x_wconf 67' lang='lat' dir='ltr'>laesae:</span> <span class='ocrx_word' id='word_1_331' title='bbox 1634 1484 1830 1524; x_wconf 88' lang='lat' dir='ltr'>maiestatis</span> <span class='ocrx_word' id='word_1_332' title='bbox 1844 1482 1980 1536; x_wconf 89' lang='lat' dir='ltr'>paeda-</span> 
     </span>
     <span class='ocr_line' id='line_1_26' title="bbox 33 1529 1980 1592; baseline 0 -14"><span class='ocrx_word' id='word_1_333' title='bbox 33 1542 190 1592; x_wconf 83' lang='lat' dir='ltr'>gogicae</span> <span class='ocrx_word' id='word_1_334' title='bbox 207 1539 364 1586; x_wconf 84' lang='lat' dir='ltr'>crimen,</span> <span class='ocrx_word' id='word_1_335' title='bbox 392 1550 471 1590; x_wconf 91' lang='lat' dir='ltr'>quo</span> <span class='ocrx_word' id='word_1_336' title='bbox 499 1533 636 1588; x_wconf 64' lang='grc' dir='ltr'>δάκςυον</span> <span class='ocrx_word' id='word_1_337' title='bbox 659 1529 968 1577; x_wconf 59' lang='grc' dir='ltr'>εῧὸον,ε,-Χε]“ῐ3ωιη</span> <span class='ocrx_word' id='word_1_338' title='bbox 986 1534 1070 1584; x_wconf 85' lang='lat' dir='ltr'>suit,</span> <span class='ocrx_word' id='word_1_339' title='bbox 1100 1535 1192 1576; x_wconf 90' lang='lat' dir='ltr'>haec</span> <span class='ocrx_word' id='word_1_340' title='bbox 1210 1537 1268 1577; x_wconf 88' lang='lat' dir='ltr'>illa</span> <span class='ocrx_word' id='word_1_341' title='bbox 1288 1542 1416 1590; x_wconf 79' lang='lat' dir='ltr'>repetiti</span> <span class='ocrx_word' id='word_1_342' title='bbox 1434 1554 1455 1578; x_wconf 80' lang='lat' dir='ltr'>a</span> <span class='ocrx_word' id='word_1_343' title='bbox 1470 1556 1516 1578; x_wconf 84' lang='lat' dir='ltr'>me</span> <span class='ocrx_word' id='word_1_344' title='bbox 1527 1541 1686 1592; x_wconf 82' lang='lat' dir='ltr'>facinoris</span> <span class='ocrx_word' id='word_1_345' title='bbox 1701 1542 1866 1590; x_wconf 75' lang='lat' dir='ltr'>atrocitas,</span> <span class='ocrx_word' id='word_1_346' title='bbox 1887 1554 1980 1592; x_wconf 72' lang='lat' dir='ltr'>pro-</span> 
     </span>
     <span class='ocr_line' id='line_1_27' title="bbox 29 1591 1977 1650; baseline 0 -15"><span class='ocrx_word' id='word_1_347' title='bbox 29 1603 106 1650; x_wconf 78' lang='lat' dir='ltr'>pter</span> <span class='ocrx_word' id='word_1_348' title='bbox 121 1610 215 1649; x_wconf 79' lang='lat' dir='ltr'>quam</span> <span class='ocrx_word' id='word_1_349' title='bbox 230 1595 297 1649; x_wconf 80' lang='lat' dir='ltr'>sthi</span> <span class='ocrx_word' id='word_1_350' title='bbox 310 1601 413 1632; x_wconf 74' lang='lat' dir='ltr'>tacere</span> <span class='ocrx_word' id='word_1_351' title='bbox 431 1607 493 1630; x_wconf 84' lang='lat' dir='ltr'>non</span> <span class='ocrx_word' id='word_1_352' title='bbox 519 1591 645 1642; x_wconf 77' lang='lat' dir='ltr'>licuiffe,</span> <span class='ocrx_word' id='word_1_353' title='bbox 668 1594 841 1643; x_wconf 71' lang='lat' dir='ltr'>quantiam</span> <span class='ocrx_word' id='word_1_354' title='bbox 856 1592 1038 1645; x_wconf 80' lang='lat' dir='ltr'>superioris</span> <span class='ocrx_word' id='word_1_355' title='bbox 1053 1595 1189 1632; x_wconf 76' lang='lat' dir='ltr'>iniuriae</span> <span class='ocrx_word' id='word_1_356' title='bbox 1202 1599 1386 1634; x_wconf 79' lang='lat' dir='ltr'>memoriam</span> <span class='ocrx_word' id='word_1_357' title='bbox 1400 1597 1597 1650; x_wconf 64' lang='lat' dir='ltr'>deposuq&#39;ffet,</span> <span class='ocrx_word' id='word_1_358' title='bbox 1622 1597 1724 1637; x_wconf 83' lang='lat' dir='ltr'>dicit.</span> <span class='ocrx_word' id='word_1_359' title='bbox 1781 1595 1977 1638; x_wconf 76' lang='lat' dir='ltr'>Atrociffi-</span> 
     </span>
     <span class='ocr_line' id='line_1_28' title="bbox 32 1646 1978 1706; baseline -0.001 -14"><span class='ocrx_word' id='word_1_360' title='bbox 32 1666 141 1693; x_wconf 84' lang='lat' dir='ltr'>mum</span> <span class='ocrx_word' id='word_1_361' title='bbox 160 1664 254 1691; x_wconf 90' lang='lat' dir='ltr'>vero</span> <span class='ocrx_word' id='word_1_362' title='bbox 270 1661 305 1691; x_wconf 86' lang='lat' dir='ltr'>et</span> <span class='ocrx_word' id='word_1_363' title='bbox 324 1651 487 1689; x_wconf 85' lang='lat' dir='ltr'>flammis</span> <span class='ocrx_word' id='word_1_364' title='bbox 506 1646 695 1686; x_wconf 87' lang='lat' dir='ltr'>vltricibus</span> <span class='ocrx_word' id='word_1_365' title='bbox 714 1649 945 1701; x_wconf 84' lang='lat' dir='ltr'>expiandum</span> <span class='ocrx_word' id='word_1_366' title='bbox 969 1648 1126 1694; x_wconf 81' lang='lat' dir='ltr'>facinus,</span> <span class='ocrx_word' id='word_1_367' title='bbox 1157 1651 1307 1692; x_wconf 87' lang='lat' dir='ltr'>credere</span> <span class='ocrx_word' id='word_1_368' title='bbox 1324 1663 1387 1691; x_wconf 88' lang='lat' dir='ltr'>aut</span> <span class='ocrx_word' id='word_1_369' title='bbox 1405 1653 1527 1693; x_wconf 86' lang='lat' dir='ltr'>dicere</span> <span class='ocrx_word' id='word_1_370' title='bbox 1544 1654 1650 1705; x_wconf 85' lang='lat' dir='ltr'>velle,</span> <span class='ocrx_word' id='word_1_371' title='bbox 1678 1654 1978 1706; x_wconf 83' lang='lat' dir='ltr'>ludimagistrum</span> 
     </span>
     <span class='ocr_line' id='line_1_29' title="bbox 26 1703 1976 1762; baseline -0.001 -12"><span class='ocrx_word' id='word_1_372' title='bbox 26 1706 280 1762; x_wconf 85' lang='lat' dir='ltr'>Delphensem</span> <span class='ocrx_word' id='word_1_373' title='bbox 304 1720 383 1746; x_wconf 90' lang='lat' dir='ltr'>non</span> <span class='ocrx_word' id='word_1_374' title='bbox 407 1709 503 1746; x_wconf 85' lang='lat' dir='ltr'>inter</span> <span class='ocrx_word' id='word_1_375' title='bbox 522 1703 758 1744; x_wconf 66' lang='lat' dir='ltr'>doctissimos</span> <span class='ocrx_word' id='word_1_376' title='bbox 782 1705 864 1757; x_wconf 79' lang='lat' dir='ltr'>effe,</span> <span class='ocrx_word' id='word_1_377' title='bbox 896 1708 936 1745; x_wconf 92' lang='lat' dir='ltr'>in</span> <span class='ocrx_word' id='word_1_378' title='bbox 959 1720 1039 1761; x_wconf 88' lang='lat' dir='ltr'>quo</span> <span class='ocrx_word' id='word_1_379' title='bbox 1068 1705 1092 1746; x_wconf 87' lang='lat' dir='ltr'>fi</span> <span class='ocrx_word' id='word_1_380' title='bbox 1119 1707 1328 1762; x_wconf 87' lang='lat' dir='ltr'>quidquam</span> <span class='ocrx_word' id='word_1_381' title='bbox 1353 1709 1405 1749; x_wconf 89' lang='lat' dir='ltr'>est</span> <span class='ocrx_word' id='word_1_382' title='bbox 1421 1711 1635 1758; x_wconf 84' lang='lat' dir='ltr'>atrocitatis,</span> <span class='ocrx_word' id='word_1_383' title='bbox 1662 1721 1789 1762; x_wconf 82' lang='lat' dir='ltr'>tamen</span> <span class='ocrx_word' id='word_1_384' title='bbox 1807 1724 1854 1750; x_wconf 91' lang='lat' dir='ltr'>ne</span> <span class='ocrx_word' id='word_1_385' title='bbox 1872 1723 1976 1750; x_wconf 85' lang='lat' dir='ltr'>nunc</span> 
     </span>
     <span class='ocr_line' id='line_1_30' title="bbox 32 1760 1976 1821; baseline 0.001 -16"><span class='ocrx_word' id='word_1_386' title='bbox 32 1766 186 1820; x_wconf 87' lang='lat' dir='ltr'>quidem</span> <span class='ocrx_word' id='word_1_387' title='bbox 206 1764 244 1804; x_wconf 90' lang='lat' dir='ltr'>id</span> <span class='ocrx_word' id='word_1_388' title='bbox 261 1761 550 1804; x_wconf 75' lang='lat' dir='ltr'>meum-fuemus</span> <span class='ocrx_word' id='word_1_389' title='bbox 573 1760 645 1801; x_wconf 80' lang='lat' dir='ltr'>effe</span> <span class='ocrx_word' id='word_1_390' title='bbox 662 1760 740 1811; x_wconf 84' lang='lat' dir='ltr'>scit,</span> <span class='ocrx_word' id='word_1_391' title='bbox 769 1775 840 1802; x_wconf 87' lang='lat' dir='ltr'>nec</span> <span class='ocrx_word' id='word_1_392' title='bbox 863 1764 1000 1803; x_wconf 84' lang='lat' dir='ltr'>&#39;verum</span> <span class='ocrx_word' id='word_1_393' title='bbox 1018 1763 1070 1803; x_wconf 86' lang='lat' dir='ltr'>est</span> <span class='ocrx_word' id='word_1_394' title='bbox 1090 1764 1171 1805; x_wconf 83' lang='lat' dir='ltr'>esse.</span> <span class='ocrx_word' id='word_1_395' title='bbox 1229 1769 1275 1804; x_wconf 90' lang='lat' dir='ltr'>Et</span> <span class='ocrx_word' id='word_1_396' title='bbox 1293 1779 1372 1816; x_wconf 80' lang='lat' dir='ltr'>cur,</span> <span class='ocrx_word' id='word_1_397' title='bbox 1397 1780 1519 1821; x_wconf 88' lang='lat' dir='ltr'>quum</span> <span class='ocrx_word' id='word_1_398' title='bbox 1547 1767 1624 1808; x_wconf 91' lang='lat' dir='ltr'>hoc</span> <span class='ocrx_word' id='word_1_399' title='bbox 1645 1782 1664 1808; x_wconf 87' lang='lat' dir='ltr'>a</span> <span class='ocrx_word' id='word_1_400' title='bbox 1687 1782 1749 1808; x_wconf 88' lang='lat' dir='ltr'>me</span> <span class='ocrx_word' id='word_1_401' title='bbox 1765 1778 1894 1808; x_wconf 88' lang='lat' dir='ltr'>ortum</span> <span class='ocrx_word' id='word_1_402' title='bbox 1917 1767 1976 1806; x_wconf 89' lang='lat' dir='ltr'>su·</span> 
     </span>
     <span class='ocr_line' id='line_1_31' title="bbox 31 1818 1977 1877; baseline -0.001 -14"><span class='ocrx_word' id='word_1_403' title='bbox 31 1824 238 1875; x_wconf 83' lang='lat' dir='ltr'>spicaretur,</span> <span class='ocrx_word' id='word_1_404' title='bbox 264 1831 339 1861; x_wconf 89' lang='lat' dir='ltr'>tam</span> <span class='ocrx_word' id='word_1_405' title='bbox 358 1823 516 1872; x_wconf 85' lang='lat' dir='ltr'>grauiter</span> <span class='ocrx_word' id='word_1_406' title='bbox 540 1818 685 1858; x_wconf 88' lang='lat' dir='ltr'>iudicio</span> <span class='ocrx_word' id='word_1_407' title='bbox 699 1831 788 1858; x_wconf 89' lang='lat' dir='ltr'>meo</span> <span class='ocrx_word' id='word_1_408' title='bbox 807 1819 1080 1872; x_wconf 80' lang='lat' dir='ltr'>offendebatur,</span> <span class='ocrx_word' id='word_1_409' title='bbox 1112 1834 1182 1861; x_wconf 89' lang='lat' dir='ltr'>nec</span> <span class='ocrx_word' id='word_1_410' title='bbox 1197 1822 1396 1874; x_wconf 81' lang='lat' dir='ltr'>cogitabat,</span> <span class='ocrx_word' id='word_1_411' title='bbox 1413 1837 1491 1864; x_wconf 89' lang='lat' dir='ltr'>non</span> <span class='ocrx_word' id='word_1_412' title='bbox 1514 1824 1617 1877; x_wconf 70' lang='lat' dir='ltr'>posse</span> <span class='ocrx_word' id='word_1_413' title='bbox 1643 1839 1706 1865; x_wconf 87' lang='lat' dir='ltr'>me</span> <span class='ocrx_word' id='word_1_414' title='bbox 1725 1825 1774 1865; x_wconf 93' lang='lat' dir='ltr'>de</span> <span class='ocrx_word' id='word_1_415' title='bbox 1792 1823 1850 1864; x_wconf 89' lang='lat' dir='ltr'>his</span> <span class='ocrx_word' id='word_1_416' title='bbox 1866 1823 1977 1864; x_wconf 91' lang='lat' dir='ltr'>rebus</span> 
     </span>
     <span class='ocr_line' id='line_1_32' title="bbox 32 1875 1977 1934; baseline 0 -15"><span class='ocrx_word' id='word_1_417' title='bbox 32 1879 207 1928; x_wconf 86' lang='lat' dir='ltr'>iudicare,</span> <span class='ocrx_word' id='word_1_418' title='bbox 235 1880 301 1932; x_wconf 87' lang='lat' dir='ltr'>qui</span> <span class='ocrx_word' id='word_1_419' title='bbox 323 1880 356 1916; x_wconf 86' lang='lat' dir='ltr'>ei</span> <span class='ocrx_word' id='word_1_420' title='bbox 375 1877 471 1916; x_wconf 83' lang='lat' dir='ltr'>adeo</span> <span class='ocrx_word' id='word_1_421' title='bbox 488 1889 617 1929; x_wconf 81' lang='lat' dir='ltr'>parum</span> <span class='ocrx_word' id='word_1_422' title='bbox 636 1877 795 1916; x_wconf 86' lang='lat' dir='ltr'>nomine</span> <span class='ocrx_word' id='word_1_423' title='bbox 812 1875 916 1916; x_wconf 58' lang='lat' dir='ltr'>docti</span> <span class='ocrx_word' id='word_1_424' title='bbox 933 1878 1069 1928; x_wconf 80' lang='lat' dir='ltr'>dignus</span> <span class='ocrx_word' id='word_1_425' title='bbox 1093 1878 1239 1929; x_wconf 81' lang='lat' dir='ltr'>videor,</span> <span class='ocrx_word' id='word_1_426' title='bbox 1267 1885 1317 1930; x_wconf 84' lang='lat' dir='ltr'>vt,</span> <span class='ocrx_word' id='word_1_427' title='bbox 1344 1894 1465 1934; x_wconf 88' lang='lat' dir='ltr'>quum</span> <span class='ocrx_word' id='word_1_428' title='bbox 1486 1882 1524 1920; x_wconf 92' lang='lat' dir='ltr'>id</span> <span class='ocrx_word' id='word_1_429' title='bbox 1547 1882 1639 1921; x_wconf 90' lang='lat' dir='ltr'>mihi</span> <span class='ocrx_word' id='word_1_430' title='bbox 1658 1881 1884 1921; x_wconf 86' lang='lat' dir='ltr'>translaticio</span> <span class='ocrx_word' id='word_1_431' title='bbox 1903 1881 1977 1919; x_wconf 91' lang='lat' dir='ltr'>ho-</span> 
     </span>
     <span class='ocr_line' id='line_1_33' title="bbox 33 1930 1977 1990; baseline 0 -15"><span class='ocrx_word' id='word_1_432' title='bbox 33 1948 129 1975; x_wconf 90' lang='lat' dir='ltr'>nore</span> <span class='ocrx_word' id='word_1_433' title='bbox 153 1937 326 1986; x_wconf 82' lang='lat' dir='ltr'>impertiti</span> <span class='ocrx_word' id='word_1_434' title='bbox 350 1931 497 1973; x_wconf 77' lang='lat' dir='ltr'>fuissent</span> <span class='ocrx_word' id='word_1_435' title='bbox 521 1930 740 1984; x_wconf 77' lang='lat' dir='ltr'>Lipfienses,</span> <span class='ocrx_word' id='word_1_436' title='bbox 770 1933 1044 1981; x_wconf 83' lang='lat' dir='ltr'>exclamauerit,</span> <span class='ocrx_word' id='word_1_437' title='bbox 1069 1935 1166 1988; x_wconf 78' lang='lat' dir='ltr'>risum</span> <span class='ocrx_word' id='word_1_438' title='bbox 1190 1940 1318 1976; x_wconf 78' lang='lat' dir='ltr'>teneatis</span> <span class='ocrx_word' id='word_1_439' title='bbox 1342 1939 1465 1977; x_wconf 75' lang='lat' dir='ltr'>amici?</span> <span class='ocrx_word' id='word_1_440' title='bbox 1504 1941 1598 1990; x_wconf 91' lang='lat' dir='ltr'>Quo</span> <span class='ocrx_word' id='word_1_441' title='bbox 1616 1937 1677 1978; x_wconf 87' lang='lat' dir='ltr'>etfi</span> <span class='ocrx_word' id='word_1_442' title='bbox 1695 1938 1785 1978; x_wconf 88' lang='lat' dir='ltr'>nihil</span> <span class='ocrx_word' id='word_1_443' title='bbox 1804 1936 1977 1990; x_wconf 87' lang='lat' dir='ltr'>frigidius</span> 
     </span>
     <span class='ocr_line' id='line_1_34' title="bbox 31 1989 1974 2045; baseline 0.001 -13"><span class='ocrx_word' id='word_1_444' title='bbox 31 2001 69 2032; x_wconf 91' lang='lat' dir='ltr'>et</span> <span class='ocrx_word' id='word_1_445' title='bbox 84 1990 222 2031; x_wconf 86' lang='lat' dir='ltr'>scurrili</span> <span class='ocrx_word' id='word_1_446' title='bbox 241 1990 652 2031; x_wconf 63' lang='lat' dir='ltr'>vernilitate&#39;inficetius</span> <span class='ocrx_word' id='word_1_447' title='bbox 677 1989 751 2029; x_wconf 90' lang='lat' dir='ltr'>dici</span> <span class='ocrx_word' id='word_1_448' title='bbox 776 1993 915 2044; x_wconf 84' lang='lat' dir='ltr'>potuit,</span> <span class='ocrx_word' id='word_1_449' title='bbox 942 2001 1068 2032; x_wconf 87' lang='lat' dir='ltr'>tamen</span> <span class='ocrx_word' id='word_1_450' title='bbox 1084 1992 1162 2032; x_wconf 88' lang='lat' dir='ltr'>hoc</span> <span class='ocrx_word' id='word_1_451' title='bbox 1178 1992 1278 2034; x_wconf 91' lang='lat' dir='ltr'>illius</span> <span class='ocrx_word' id='word_1_452' title='bbox 1295 1994 1342 2033; x_wconf 86' lang='lat' dir='ltr'>de</span> <span class='ocrx_word' id='word_1_453' title='bbox 1367 2008 1428 2035; x_wconf 88' lang='lat' dir='ltr'>me</span> <span class='ocrx_word' id='word_1_454' title='bbox 1447 1994 1591 2035; x_wconf 88' lang='lat' dir='ltr'>iudicio</span> <span class='ocrx_word' id='word_1_455' title='bbox 1609 1998 1765 2035; x_wconf 87' lang='lat' dir='ltr'>minime</span> <span class='ocrx_word' id='word_1_456' title='bbox 1785 1994 1974 2045; x_wconf 86' lang='lat' dir='ltr'>offendor,</span> 
     </span>
     <span class='ocr_line' id='line_1_35' title="bbox 29 2046 1975 2105; baseline 0.001 -16"><span class='ocrx_word' id='word_1_457' title='bbox 29 2059 143 2103; x_wconf 79' lang='lat' dir='ltr'>atque</span> <span class='ocrx_word' id='word_1_458' title='bbox 166 2050 279 2087; x_wconf 84' lang='lat' dir='ltr'>etiam</span> <span class='ocrx_word' id='word_1_459' title='bbox 300 2047 397 2087; x_wconf 86' lang='lat' dir='ltr'>vltro</span> <span class='ocrx_word' id='word_1_460' title='bbox 423 2046 484 2100; x_wconf 84' lang='lat' dir='ltr'>ipfi</span> <span class='ocrx_word' id='word_1_461' title='bbox 508 2047 704 2095; x_wconf 85' lang='lat' dir='ltr'>adsentior,</span> <span class='ocrx_word' id='word_1_462' title='bbox 730 2061 791 2088; x_wconf 87' lang='lat' dir='ltr'>me</span> <span class='ocrx_word' id='word_1_463' title='bbox 810 2048 970 2090; x_wconf 64' lang='lat' dir='ltr'>doctum</span> <span class='ocrx_word' id='word_1_464' title='bbox 989 2063 1067 2089; x_wconf 92' lang='lat' dir='ltr'>non</span> <span class='ocrx_word' id='word_1_465' title='bbox 1094 2049 1177 2090; x_wconf 80' lang='lat' dir='ltr'>effe.</span> <span class='ocrx_word' id='word_1_466' title='bbox 1235 2053 1315 2093; x_wconf 89' lang='lat' dir='ltr'>Cur</span> <span class='ocrx_word' id='word_1_467' title='bbox 1332 2064 1447 2104; x_wconf 90' lang='lat' dir='ltr'>porro</span> <span class='ocrx_word' id='word_1_468' title='bbox 1471 2053 1546 2093; x_wconf 90' lang='lat' dir='ltr'>hoc</span> <span class='ocrx_word' id='word_1_469' title='bbox 1563 2056 1691 2105; x_wconf 85' lang='lat' dir='ltr'>potius</span> <span class='ocrx_word' id='word_1_470' title='bbox 1715 2050 1919 2093; x_wconf 56' lang='lat' dir='ltr'>maledictis</span> <span class='ocrx_word' id='word_1_471' title='bbox 1937 2060 1975 2090; x_wconf 87' lang='lat' dir='ltr'>et</span> 
     </span>
     <span class='ocr_line' id='line_1_36' title="bbox 29 2102 1972 2162; baseline 0 -16"><span class='ocrx_word' id='word_1_472' title='bbox 29 2107 228 2155; x_wconf 68' lang='lat' dir='ltr'>cotiuiciis,</span> <span class='ocrx_word' id='word_1_473' title='bbox 257 2117 368 2157; x_wconf 87' lang='lat' dir='ltr'>quam</span> <span class='ocrx_word' id='word_1_474' title='bbox 386 2103 494 2144; x_wconf 85' lang='lat' dir='ltr'>rebus</span> <span class='ocrx_word' id='word_1_475' title='bbox 511 2103 608 2156; x_wconf 75' lang='lat' dir='ltr'>ipsis,</span> <span class='ocrx_word' id='word_1_476' title='bbox 630 2102 826 2146; x_wconf 77' lang='lat' dir='ltr'>confutare</span> <span class='ocrx_word' id='word_1_477' title='bbox 839 2105 975 2157; x_wconf 86' lang='lat' dir='ltr'>voluit,</span> <span class='ocrx_word' id='word_1_478' title='bbox 1003 2116 1041 2146; x_wconf 88' lang='lat' dir='ltr'>et</span> <span class='ocrx_word' id='word_1_479' title='bbox 1057 2108 1218 2158; x_wconf 83' lang='lat' dir='ltr'>efficere,</span> <span class='ocrx_word' id='word_1_480' title='bbox 1237 2118 1277 2147; x_wconf 87' lang='lat' dir='ltr'>vt</span> <span class='ocrx_word' id='word_1_481' title='bbox 1293 2122 1428 2148; x_wconf 89' lang='lat' dir='ltr'>omnes</span> <span class='ocrx_word' id='word_1_482' title='bbox 1445 2108 1522 2149; x_wconf 90' lang='lat' dir='ltr'>hoc</span> <span class='ocrx_word' id='word_1_483' title='bbox 1540 2109 1586 2149; x_wconf 87' lang='lat' dir='ltr'>ab</span> <span class='ocrx_word' id='word_1_484' title='bbox 1611 2112 1789 2162; x_wconf 86' lang='lat' dir='ltr'>imperito</span> <span class='ocrx_word' id='word_1_485' title='bbox 1805 2118 1841 2149; x_wconf 89' lang='lat' dir='ltr'>et</span> <span class='ocrx_word' id='word_1_486' title='bbox 1860 2108 1972 2147; x_wconf 93' lang='lat' dir='ltr'>indo-</span> 
     </span>
     <span class='ocr_line' id='line_1_37' title="bbox 28 2159 1970 2221; baseline -0.001 -18"><span class='ocrx_word' id='word_1_487' title='bbox 28 2161 93 2203; x_wconf 67' lang='grc' dir='ltr'>ἂο</span> <span class='ocrx_word' id='word_1_488' title='bbox 113 2161 236 2201; x_wconf 87' lang='lat' dir='ltr'>iudice</span> <span class='ocrx_word' id='word_1_489' title='bbox 255 2159 467 2212; x_wconf 61' lang='lat' dir='ltr'>profectum</span> <span class='ocrx_word' id='word_1_490' title='bbox 487 2160 755 2212; x_wconf 76' lang='lat' dir='ltr'>intelligerent?</span> <span class='ocrx_word' id='word_1_491' title='bbox 783 2165 862 2203; x_wconf 83' lang='lat' dir='ltr'>Aut</span> <span class='ocrx_word' id='word_1_492' title='bbox 880 2164 971 2216; x_wconf 88' lang='lat' dir='ltr'>quid</span> <span class='ocrx_word' id='word_1_493' title='bbox 991 2166 1040 2203; x_wconf 87' lang='lat' dir='ltr'>ita</span> <span class='ocrx_word' id='word_1_494' title='bbox 1057 2163 1196 2204; x_wconf 83' lang='lat' dir='ltr'>oblitus</span> <span class='ocrx_word' id='word_1_495' title='bbox 1221 2175 1295 2205; x_wconf 82' lang='lat' dir='ltr'>erat</span> <span class='ocrx_word' id='word_1_496' title='bbox 1315 2165 1474 2217; x_wconf 58' lang='lat' dir='ltr'>Epicteti</span> <span class='ocrx_word' id='word_1_497' title='bbox 1491 2166 1558 2212; x_wconf 76' lang='lat' dir='ltr'>sui,</span> <span class='ocrx_word' id='word_1_498' title='bbox 1589 2164 1654 2221; x_wconf 88' lang='lat' dir='ltr'>qui</span> <span class='ocrx_word' id='word_1_499' title='bbox 1671 2180 1760 2207; x_wconf 89' lang='lat' dir='ltr'>eum</span> <span class='ocrx_word' id='word_1_500' title='bbox 1779 2167 1970 2213; x_wconf 83' lang='lat' dir='ltr'>docuerat,</span> 
     </span>
     <span class='ocr_line' id='line_1_38' title="bbox 27 2214 1966 2278; baseline -0.001 -17"><span class='ocrx_word' id='word_1_501' title='bbox 27 2219 110 2261; x_wconf 69' lang='grc' dir='ltr'><strong>’ὅταν</strong></span> <span class='ocrx_word' id='word_1_502' title='bbox 124 2216 202 2270; x_wconf 54' lang='lat' dir='ltr'>(swa</span> <span class='ocrx_word' id='word_1_503' title='bbox 217 2236 264 2258; x_wconf 83' lang='grc' dir='ltr'>σοι</span> <span class='ocrx_word' id='word_1_504' title='bbox 283 2214 347 2262; x_wconf 65' lang='grc' dir='ltr'>τὶς,</span> <span class='ocrx_word' id='word_1_505' title='bbox 373 2217 425 2257; x_wconf 71' lang='grc' dir='ltr'>ὅτι</span> <span class='ocrx_word' id='word_1_506' title='bbox 444 2215 527 2258; x_wconf 64' lang='grc' dir='ltr'>οὐδὲν</span> <span class='ocrx_word' id='word_1_507' title='bbox 543 2215 661 2269; x_wconf 58' lang='grc' dir='ltr'>οἶσθα,</span> <span class='ocrx_word' id='word_1_508' title='bbox 685 2215 744 2259; x_wconf 69' lang='lat' dir='ltr'>ml</span> <span class='ocrx_word' id='word_1_509' title='bbox 769 2217 811 2260; x_wconf 76' lang='grc' dir='ltr'>σῦ</span> <span class='ocrx_word' id='word_1_510' title='bbox 823 2217 871 2269; x_wconf 61' lang='grc' dir='ltr'>μὴ</span> <span class='ocrx_word' id='word_1_511' title='bbox 894 2220 1044 2273; x_wconf 49' lang='lat' dir='ltr'>&amp;nx-325,</span> <span class='ocrx_word' id='word_1_512' title='bbox 1071 2220 1150 2262; x_wconf 73' lang='grc' dir='ltr'>τότ’</span> <span class='ocrx_word' id='word_1_513' title='bbox 1174 2215 1261 2267; x_wconf 63' lang='grc' dir='ltr'><em>ἶῖτθι,</em></span> <span class='ocrx_word' id='word_1_514' title='bbox 1286 2222 1339 2263; x_wconf 65' lang='grc' dir='ltr'>ὅτι</span> <span class='ocrx_word' id='word_1_515' title='bbox 1356 2220 1454 2276; x_wconf 67' lang='grc' dir='ltr'>ἄρχῃ</span> <span class='ocrx_word' id='word_1_516' title='bbox 1471 2224 1533 2264; x_wconf 75' lang='grc' dir='ltr'>τοῧ</span> <span class='ocrx_word' id='word_1_517' title='bbox 1548 2221 1657 2278; x_wconf 53' lang='grc' dir='ltr'>’έςγοιὴ</span> <span class='ocrx_word' id='word_1_518' title='bbox 1686 2233 1724 2263; x_wconf 87' lang='lat' dir='ltr'>et</span> <span class='ocrx_word' id='word_1_519' title='bbox 1742 2222 1852 2263; x_wconf 83' lang='lat' dir='ltr'>rebus</span> <span class='ocrx_word' id='word_1_520' title='bbox 1871 2219 1966 2273; x_wconf 66' lang='lat' dir='ltr'>ipsis,</span> 
     </span>
     <span class='ocr_line' id='line_1_39' title="bbox 26 2273 1967 2325; baseline 0.002 -11"><span class='ocrx_word' id='word_1_521' title='bbox 26 2288 106 2315; x_wconf 87' lang='lat' dir='ltr'>non</span> <span class='ocrx_word' id='word_1_522' title='bbox 125 2274 256 2321; x_wconf 85' lang='lat' dir='ltr'>verbis,</span> <span class='ocrx_word' id='word_1_523' title='bbox 286 2273 410 2313; x_wconf 79' lang='lat' dir='ltr'>mulio</span> <span class='ocrx_word' id='word_1_524' title='bbox 433 2277 558 2313; x_wconf 86' lang='lat' dir='ltr'>minus</span> <span class='ocrx_word' id='word_1_525' title='bbox 584 2277 783 2325; x_wconf 89' lang='lat' dir='ltr'>conuiciis,</span> <span class='ocrx_word' id='word_1_526' title='bbox 808 2277 1063 2316; x_wconf 83' lang='lat' dir='ltr'>eruditionem</span> <span class='ocrx_word' id='word_1_527' title='bbox 1086 2277 1340 2317; x_wconf 85' lang='lat' dir='ltr'>demonstrare</span> <span class='ocrx_word' id='word_1_528' title='bbox 1364 2277 1531 2319; x_wconf 81' lang='lat' dir='ltr'>iufferat?</span> <span class='ocrx_word' id='word_1_529' title='bbox 1560 2280 1630 2320; x_wconf 92' lang='lat' dir='ltr'>Sed</span> <span class='ocrx_word' id='word_1_530' title='bbox 1653 2279 1714 2320; x_wconf 82' lang='lat' dir='ltr'>ille</span> <span class='ocrx_word' id='word_1_531' title='bbox 1737 2280 1773 2320; x_wconf 91' lang='lat' dir='ltr'>se</span> <span class='ocrx_word' id='word_1_532' title='bbox 1792 2278 1967 2318; x_wconf 89' lang='lat' dir='ltr'>Theolo-</span> 
     </span>
     <span class='ocr_line' id='line_1_40' title="bbox 26 2328 1966 2388; baseline 0.003 -18"><span class='ocrx_word' id='word_1_533' title='bbox 26 2334 107 2383; x_wconf 87' lang='lat' dir='ltr'>giae</span> <span class='ocrx_word' id='word_1_534' title='bbox 130 2341 166 2370; x_wconf 88' lang='lat' dir='ltr'>et</span> <span class='ocrx_word' id='word_1_535' title='bbox 181 2328 454 2382; x_wconf 82' lang='lat' dir='ltr'>Philosophiae,</span> <span class='ocrx_word' id='word_1_536' title='bbox 486 2328 511 2370; x_wconf 79' lang='lat' dir='ltr'><strong>fi</strong></span> <span class='ocrx_word' id='word_1_537' title='bbox 534 2331 730 2385; x_wconf 87' lang='lat' dir='ltr'>quondam</span> <span class='ocrx_word' id='word_1_538' title='bbox 755 2336 889 2387; x_wconf 77' lang='lat' dir='ltr'>tenuit,</span> <span class='ocrx_word' id='word_1_539' title='bbox 917 2344 1107 2386; x_wconf 86' lang='lat' dir='ltr'>praecepta</span> <span class='ocrx_word' id='word_1_540' title='bbox 1134 2348 1238 2374; x_wconf 89' lang='lat' dir='ltr'>nunc</span> <span class='ocrx_word' id='word_1_541' title='bbox 1261 2334 1360 2375; x_wconf 88' lang='lat' dir='ltr'>bona</span> <span class='ocrx_word' id='word_1_542' title='bbox 1388 2336 1466 2376; x_wconf 83' lang='lat' dir='ltr'>fide</span> <span class='ocrx_word' id='word_1_543' title='bbox 1483 2336 1635 2377; x_wconf 84' lang='lat' dir='ltr'>eiuraffe</span> <span class='ocrx_word' id='word_1_544' title='bbox 1659 2351 1783 2377; x_wconf 89' lang='lat' dir='ltr'>rerum</span> <span class='ocrx_word' id='word_1_545' title='bbox 1806 2336 1966 2388; x_wconf 84' lang='lat' dir='ltr'>ipsarum</span> 
     </span>
     <span class='ocr_line' id='line_1_41' title="bbox 25 2386 1965 2446; baseline 0.003 -19"><span class='ocrx_word' id='word_1_546' title='bbox 25 2388 265 2427; x_wconf 80' lang='lat' dir='ltr'>documentis</span> <span class='ocrx_word' id='word_1_547' title='bbox 283 2386 454 2435; x_wconf 81' lang='lat' dir='ltr'>ostend-it,</span> <span class='ocrx_word' id='word_1_548' title='bbox 481 2397 517 2426; x_wconf 89' lang='lat' dir='ltr'>et</span> <span class='ocrx_word' id='word_1_549' title='bbox 532 2387 625 2439; x_wconf 88' lang='lat' dir='ltr'>quid</span> <span class='ocrx_word' id='word_1_550' title='bbox 643 2389 740 2429; x_wconf 87' lang='lat' dir='ltr'>dicat</span> <span class='ocrx_word' id='word_1_551' title='bbox 756 2399 820 2429; x_wconf 86' lang='lat' dir='ltr'>aut</span> <span class='ocrx_word' id='word_1_552' title='bbox 837 2389 968 2430; x_wconf 84' lang='lat' dir='ltr'>scribat</span> <span class='ocrx_word' id='word_1_553' title='bbox 985 2404 1116 2443; x_wconf 86' lang='lat' dir='ltr'>parum</span> <span class='ocrx_word' id='word_1_554' title='bbox 1136 2390 1238 2444; x_wconf 79' lang='lat' dir='ltr'>penfi</span> <span class='ocrx_word' id='word_1_555' title='bbox 1260 2391 1384 2443; x_wconf 86' lang='lat' dir='ltr'>habet,</span> <span class='ocrx_word' id='word_1_556' title='bbox 1414 2393 1507 2433; x_wconf 91' lang='lat' dir='ltr'>dum</span> <span class='ocrx_word' id='word_1_557' title='bbox 1525 2393 1718 2434; x_wconf 87' lang='lat' dir='ltr'>maleuolo</span> <span class='ocrx_word' id='word_1_558' title='bbox 1735 2406 1777 2432; x_wconf 88' lang='lat' dir='ltr'>ac</span> <span class='ocrx_word' id='word_1_559' title='bbox 1792 2393 1965 2446; x_wconf 85' lang='lat' dir='ltr'>superbo,</span> 
     </span>
     <span class='ocr_line' id='line_1_42' title="bbox 23 2443 717 2500; baseline 0.001 -17"><span class='ocrx_word' id='word_1_560' title='bbox 23 2457 104 2500; x_wconf 88' lang='lat' dir='ltr'>quo</span> <span class='ocrx_word' id='word_1_561' title='bbox 124 2454 228 2484; x_wconf 81' lang='lat' dir='ltr'>natus</span> <span class='ocrx_word' id='word_1_562' title='bbox 244 2445 305 2487; x_wconf 83' lang='lat' dir='ltr'>est,</span> <span class='ocrx_word' id='word_1_563' title='bbox 333 2447 463 2484; x_wconf 88' lang='lat' dir='ltr'>animo</span> <span class='ocrx_word' id='word_1_564' title='bbox 480 2443 717 2498; x_wconf 82' lang='lat' dir='ltr'>obsequatur.</span> 
     </span>
    </p>

    <p class='ocr_par' dir='ltr' id='par_1_4' title="bbox 23 2499 1962 2618">
     <span class='ocr_line' id='line_1_43' title="bbox 125 2499 1961 2560; baseline 0.003 -19"><span class='ocrx_word' id='word_1_565' title='bbox 125 2504 235 2549; x_wconf 85' lang='lat' dir='ltr'>Nam,</span> <span class='ocrx_word' id='word_1_566' title='bbox 264 2500 285 2539; x_wconf 87' lang='lat' dir='ltr'>fi</span> <span class='ocrx_word' id='word_1_567' title='bbox 303 2504 384 2554; x_wconf 81' lang='lat' dir='ltr'>quis</span> <span class='ocrx_word' id='word_1_568' title='bbox 403 2499 498 2540; x_wconf 63' lang='lat' dir='ltr'>rec‘ia</span> <span class='ocrx_word' id='word_1_569' title='bbox 515 2503 659 2540; x_wconf 87' lang='lat' dir='ltr'>ratione</span> <span class='ocrx_word' id='word_1_570' title='bbox 676 2515 755 2541; x_wconf 87' lang='lat' dir='ltr'>rem</span> <span class='ocrx_word' id='word_1_571' title='bbox 780 2503 957 2550; x_wconf 79' lang='lat' dir='ltr'>aestimet,</span> <span class='ocrx_word' id='word_1_572' title='bbox 988 2518 1067 2544; x_wconf 86' lang='lat' dir='ltr'>non</span> <span class='ocrx_word' id='word_1_573' title='bbox 1090 2504 1157 2545; x_wconf 85' lang='lat' dir='ltr'>alia</span> <span class='ocrx_word' id='word_1_574' title='bbox 1177 2508 1211 2545; x_wconf 90' lang='lat' dir='ltr'>ei</span> <span class='ocrx_word' id='word_1_575' title='bbox 1231 2508 1320 2546; x_wconf 83' lang='lat' dir='ltr'>tanti</span> <span class='ocrx_word' id='word_1_576' title='bbox 1348 2506 1485 2546; x_wconf 86' lang='lat' dir='ltr'>furoris</span> <span class='ocrx_word' id='word_1_577' title='bbox 1511 2507 1615 2547; x_wconf 87' lang='lat' dir='ltr'>causa</span> <span class='ocrx_word' id='word_1_578' title='bbox 1633 2504 1718 2558; x_wconf 84' lang='lat' dir='ltr'>suit,</span> <span class='ocrx_word' id='word_1_579' title='bbox 1747 2519 1861 2560; x_wconf 88' lang='lat' dir='ltr'>quam</span> <span class='ocrx_word' id='word_1_580' title='bbox 1880 2507 1961 2546; x_wconf 76' lang='lat' dir='ltr'>Cae-</span> 
     </span>
     <span class='ocr_line' id='line_1_44' title="bbox 23 2558 1962 2618; baseline 0.005 -23"><span class='ocrx_word' id='word_1_581' title='bbox 23 2571 77 2598; x_wconf 87' lang='lat' dir='ltr'>cus</span> <span class='ocrx_word' id='word_1_582' title='bbox 91 2560 197 2599; x_wconf 83' lang='lat' dir='ltr'>Amor</span> <span class='ocrx_word' id='word_1_583' title='bbox 204 2558 273 2611; x_wconf 71' lang='lat' dir='ltr'>sui,</span> <span class='ocrx_word' id='word_1_584' title='bbox 303 2560 350 2597; x_wconf 81' lang='lat' dir='ltr'>Et</span> <span class='ocrx_word' id='word_1_585' title='bbox 366 2558 470 2597; x_wconf 74' lang='lat' dir='ltr'>tollens</span> <span class='ocrx_word' id='word_1_586' title='bbox 486 2571 617 2599; x_wconf 78' lang='lat' dir='ltr'>vacuum</span> <span class='ocrx_word' id='word_1_587' title='bbox 630 2559 704 2611; x_wconf 77' lang='lat' dir='ltr'>plus</span> <span class='ocrx_word' id='word_1_588' title='bbox 720 2561 818 2600; x_wconf 76' lang='lat' dir='ltr'>nimio</span> <span class='ocrx_word' id='word_1_589' title='bbox 827 2562 942 2613; x_wconf 80' lang='lat' dir='ltr'>gloria</span> <span class='ocrx_word' id='word_1_590' title='bbox 958 2565 1113 2602; x_wconf 65' lang='lat' dir='ltr'>verticem.</span> <span class='ocrx_word' id='word_1_591' title='bbox 1172 2565 1323 2604; x_wconf 86' lang='lat' dir='ltr'>Etenim</span> <span class='ocrx_word' id='word_1_592' title='bbox 1341 2577 1462 2618; x_wconf 87' lang='lat' dir='ltr'>quum</span> <span class='ocrx_word' id='word_1_593' title='bbox 1479 2564 1528 2616; x_wconf 86' lang='lat' dir='ltr'>se,</span> <span class='ocrx_word' id='word_1_594' title='bbox 1559 2566 1626 2618; x_wconf 87' lang='lat' dir='ltr'>qui</span> <span class='ocrx_word' id='word_1_595' title='bbox 1642 2566 1766 2617; x_wconf 84' lang='lat' dir='ltr'>puetis</span> <span class='ocrx_word' id='word_1_596' title='bbox 1782 2565 1962 2616; x_wconf 84' lang='lat' dir='ltr'>interpre-</span> 
     </span>
    </p>
   </div>
  </div>
 </body>
</html>
