2166 2777
164 173 193 202 L
1040 180 1456 193 -ι--ῌ

404 299 1035 371 HENRICI
1138 295 1889 371 STEPHANI

347 422 733 470 OPERARVM
763 426 835 472 IN
868 428 1270 474 DIONYSIVM
1296 428 1943 474 HALICARNASSEVM

543 525 649 567 CAP.
677 529 774 568 xvt.
831 530 891 570 De
918 531 1143 571 DIONYSn
1173 532 1387 570 imitatione
1415 502 1747 571 THVCYmDis,

260 638 302 677 ln
330 651 396 691 quo
433 637 616 691 qstenditug
648 637 875 691 Dionyfium
903 642 1060 680 imitatum
1082 640 1493 696 fuiffe'Thucydidem,
1526 624 1621 682 etiariz
1648 642 1682 679 in
1710 641 1763 692 iis,
1789 655 1870 695 quae
1901 643 1934 680 in
1961 641 2034 696 ipsu

935 698 1076 753 censebat
1100 700 1362 752 reprehendenda.

270 831 340 871 VO
368 834 484 884 magis
501 834 641 872 mirum
659 832 720 879 est,
751 835 941 889 Dioayfium
966 835 1237 886 Habcarnqffeum
1261 847 1339 874 non
1356 837 1485 888 paucis
1514 836 1702 874 imitatum
1719 833 1790 874 effe
1805 834 1842 873 in
1868 833 1961 873 locis
1991 834 2123 887 Thucy-

295 888 408 939 didem,
435 902 484 929 eo
502 891 628 928 minus
646 888 736 929 haec
754 892 915 931 imitatio
931 891 1084 930 tacenda
1102 891 1164 930 est.
1192 891 1282 931 ldeo
1299 901 1426 932 autem
1443 891 1548 931 valde
1565 890 1643 930 hoc
1663 893 1801 930 mirum
1821 889 1891 929 effe
1908 892 1982 939 aio,
2014 888 2123 944 quod

175 937 222 976 de
247 940 313 982 illo
337 943 480 999 alioqui
498 947 546 987 ita
564 945 750 1000 loquatur,
777 956 816 985 vt
831 947 934 999 plura
966 946 1261 999 repoehenfione,
1287 961 1399 1001 quam
1420 947 1539 997 laude,
1564 947 1674 998 digna
1700 946 1836 986 habere
1862 945 1978 989 videri
1994 944 2120 998 poffi't.

176 993 247 1033 Sed
263 999 341 1039 esto
361 1010 497 1048 tamen,
527 1001 669 1042 licuisse
688 1002 939 1043 nihilominus
956 1006 1112 1059 Dionysto
1129 1004 1311 1044 nonnulla
1329 1018 1475 1050 eorum,
1506 1017 1603 1057 quae
1619 1002 1798 1043 laudanda
1816 1001 2010 1047 iudicabat,
2035 1004 2122 1042 imi-

174 1054 259 1094 tari:
289 1058 379 1109 quid
407 1059 512 1112 quod
536 1072 584 1098 ex
601 1058 671 1098 illis
686 1058 780 1111 ipfis,
807 1073 972 1113 quorum
991 1060 1089 1112 apud
1116 1061 1327 1111 Thucydidem
1349 1058 1512 1109 μωμητὶνς
1538 1058 1671 1109 fuerat,
1698 1058 1883 1114 quaedam
1898 1059 1994 1105 sunt,
2023 1071 2122 1112 quo-

174 1123 259 1150 rum
277 1114 481 1163 postmodo
497 1113 649 1164 μιμητὴς
664 1115 734 1155 effe
754 1129 832 1155 non
852 1116 1024 1156 erubuit?
1054 1121 1195 1156 Verum
1213 1116 1237 1157 fi
1255 1123 1314 1167 (vt
1331 1116 1701 1169 perluashnihabeo)
1718 1116 1775 1155 vel
1791 1116 1903 1155 senex
1919 1114 1977 1154 vel
1995 1111 2122 1155 saltei'n

174 1168 249 1206 iam
264 1168 455 1211 senescens
471 1170 625 1211 scribere
650 1171 842 1212 historiam
860 1173 1042 1224 aggressus
1059 1173 1123 1221 est,
1157 1175 1307 1213 iuuenis
1326 1182 1452 1212 autem
1469 1175 1508 1212 in
1536 1173 1733 1225 Thucydidis
1755 1173 1884 1224 scripta
1910 1173 2036 1211 critice
2063 1174 2122 1211 in-

173 1223 333 1276 quifiuit‚
360 1230 487 1268 minus
505 1229 645 1266 mirum
664 1228 729 1281 est,
755 1242 844 1268 eum
863 1229 983 1282 aliqua
1000 1229 1160 1269 iuuenili
1176 1229 1345 1283 quodam
1367 1238 1404 1269 et
1442 1228 1642 1268 ambitioso
1667 1228 1965 1281 reprehendendi
1995 1225 2121 1267 studio

174 1283 402 1334 vituperasse,
435 1297 530 1338 quae
548 1283 671 1335 postea
687 1286 907 1325 imitationis
922 1286 1071 1326 honore
1091 1284 1263 1337 dignatus
1285 1284 1335 1325 fit.
1398 1287 1547 1324 Scimus
1563 1287 1678 1334 enim,
1706 1288 1754 1324 ita
1778 1294 2031 1337 comparatam
2048 1283 2120 1324 esse

173 1334 381 1379 hominum
408 1349 588 1389 naturam,
615 1349 655 1378 vt
678 1340 794 1380 iidem
820 1341 948 1380 eadem
968 1341 1041 1381 alio
1058 1351 1230 1393 tempore
1245 1341 1417 1394 probent,
1444 1340 1517 1380 alio
1535 1340 1769 1393 improbent:
1799 1341 2009 1393 praesertim
2026 1352 2120 1381 vero

175 1393 304 1433 eadem
322 1394 588 1450 senibus‚quae
606 1395 889 1442 iuuenibus‚vel
910 1397 1049 1449 placere
1067 1397 1124 1437 vel
1142 1397 1349 1449 displicere,
1369 1395 1470 1436 haud
1489 1397 1674 1436 videmus.
1732 1399 1842 1447 Qae
1859 1406 1984 1436 tamen
2003 1396 2119 1435 huius

143 1454 150 1457 “
175 1450 445 1492 inconstantiae
466 1452 570 1492 causa
594 1449 718 1502 fuerit,
757 1452 835 1492 aliis
859 1453 1143 1508 disquirendum
1172 1453 1365 1508 relinquo:
1396 1463 1433 1493 et
1459 1455 1587 1504 potius
1611 1452 1656 1492 ad
1680 1453 1867 1506 quosdam
1892 1466 1940 1493 ex
1964 1455 2021 1504 iis,
2051 1454 2119 1507 qui

174 1519 290 1561 quam
308 1508 387 1548 dixi
406 1511 657 1548 imitationem
676 1509 793 1548 testari
816 1519 1004 1561 poterunt,
1033 1509 1140 1560 locis,
1169 1513 1242 1550 iam
1260 1523 1363 1549 nunc
1383 1523 1445 1549 me
1462 1507 1634 1548 confero.

277 1567 412 1616 Quum
431 1574 558 1605 autem
582 1567 770 1618 Thucydidis
786 1568 952 1605 imitator
967 1564 1080 1606 fuerit
1096 1568 1265 1621 Dionystus
1280 1565 1380 1606 haud
1397 1568 1435 1605 in
1450 1567 1493 1604 iis
1512 1565 1648 1616 solum,
1679 1578 1775 1619 quae
1789 1565 1874 1604 sunt
1897 1565 1958 1607 τῖῐς
1982 1563 2117 1618 λέξεως,

174 1621 236 1661 sed
254 1624 291 1661 in
311 1624 353 1660 iis
370 1624 494 1669 etiam,
522 1635 617 1675 quae
635 1621 729 1660 sunt
744 1623 804 1665 τῖς
825 1622 976 1670 διανοίας,
1006 1622 1049 1662 ab
1067 1622 1136 1662 illis
1162 1625 1314 1663 initium
1338 1623 1490 1662 sumam.
1550 1621 1713 1661 Duobus
1733 1624 1845 1673 igitur
1868 1620 1993 1661 modis
2011 1620 2117 1661 hunc

177 1678 348 1717 nostrum
366 1677 587 1717 historicum
606 1680 791 1718 imitatum
809 1678 879 1717 ess'e
899 1680 1112 1732 Thusydjiiem
1128 1679 1214 1718 dico
1232 1682 1270 1718 in
1288 1682 1342 1723 iis,
1367 1692 1462 1732 quae
1479 1676 1562 1717 sunt
1578 1679 1638 1721 τῆς
1654 1676 1788 1731 λέξεως.
1845 1680 1948 1717 Prior
1963 1678 2014 1717 est
2027 1681 2116 1731 (qui

174 1743 213 1774 et
229 1732 576 1787 frequentiffimus),
600 1748 719 1788 quum
735 1734 886 1788 aliquod
905 1735 1075 1786 verbum,
1106 1746 1168 1774 aut
1185 1735 1367 1789 loquendi
1391 1747 1523 1786 genus,
1550 1734 1714 1773 eundem
1732 1733 1831 1786 apud
1850 1734 1969 1784 illum,
1999 1735 2134 1788 quens

176 1790 277 1843 apud
295 1792 513 1843 Thucydidem,
542 1791 645 1830 Vsum
663 1789 785 1830 habet.
842 1791 900 1830 De
916 1793 959 1831 iis
977 1805 1093 1844 porro
1108 1792 1170 1832 seu
1192 1791 1312 1832 verbis
1335 1791 1397 1833 seu
1417 1791 1599 1844 loquendi
1616 1790 1814 1841 generibus
1835 1789 1988 1844 loquor,
2018 1804 2116 1845 quae

2156 1827 2161 1846 l

178 1860 258 1887 non
280 1846 442 1898 vulgaria
467 1847 571 1898 sunt,
602 1857 640 1887 et
663 1847 722 1887 vel
747 1847 949 1901 Thucydideo
971 1850 1154 1899 omnino,
1188 1858 1251 1888 aut
1275 1847 1558 1901 propemodum
1586 1849 1619 1886 T
1617 1848 1789 1900 hucydidea
1813 1846 1934 1887 videri
1956 1858 2113 1900 queunt.
2157 1877 2158 1883 ,

177 1903 361 1943 Posterior
380 1906 600 1943 imitationis
618 1904 669 1943 est
685 1903 835 1954 modus,
862 1917 984 1958 quum
1003 1919 1082 1945 non
1101 1905 1234 1945 iisdem
1252 1906 1360 1957 plane
1377 1904 1558 1958 loquendi
1575 1903 1774 1955 generibus
1791 1906 1918 1954 vtitur,
1941 1903 2003 1943 sed
2017 1918 2115 1943 non-

179 1959 304 2010 nullis,
334 1973 429 2014 quae
446 1960 549 2009 velut
564 1960 609 1999 ad
637 1961 909 2013 wzucydideormn
931 1959 1094 2002 formam
1117 1962 1275 2002 effinxit.
1333 1965 1429 2000 Inter
1453 1963 1586 2011 prioris
1609 1959 1779 2012 exempla
1798 1959 1975 1999 collocari
1993 1961 2115 2012 pote-st

179 2016 409 2056 vocabulum
435 2014 616 2062 καταβαίη
645 2030 687 2056 ac
706 2019 873 2069 primum
898 2016 1030 2058 locum
1053 2019 1121 2057 suo
1145 2018 1313 2072 quodam
1338 2020 1418 2057 iure
1445 2015 1508 2056 fibi
1535 2017 1711 2068 vindicat,
1740 2016 1844 2070 quod
1868 2030 1954 2068 prae
1973 2019 2115 2070 quouis

126 2094 127 2099 =
179 2072 253 2113 alio
271 2074 503 2127 Thucydidem
519 2071 571 2123 fit,
603 2083 640 2112 et
656 2073 810 2127 quidem
831 2086 849 2113 a
873 2076 1032 2130 Dionyfio
1055 2074 1155 2126 apud
1172 2074 1293 2127 ipsum
1319 2074 1534 2127 Thucydidem
1555 2083 1748 2113 notatum:
1774 2072 1834 2112 sed
1853 2076 1913 2122 ita,
1930 2083 1966 2111 vt
1980 2072 2116 2113 librarii

178 2143 302 2169 errore
321 2130 419 2182 apud
436 2129 543 2168 illum
558 2131 764 2184 (Dionystum
782 2132 954 2183 inquam)
969 2129 1160 2176 καταβολὴ
1175 2133 1213 2170 in
1229 2133 1309 2170 eius
1327 2130 1453 2170 locum
1472 2131 1670 2181 irrepserit:
1696 2142 1791 2169 voce
1807 2129 1912 2170 valde
1926 2128 2046 2170 vfitata
2064 2130 2116 2171 se-

179 2186 267 2226 dem
285 2186 377 2226 alius
393 2196 602 2238 occupante
618 2190 677 2237 (vt
691 2186 796 2238 saepe
813 2187 879 2237 fit),
897 2189 992 2240 quae
1007 2201 1080 2226 rara
1097 2197 1135 2226 et
1150 2187 1265 2238 vulgo
1278 2187 1447 2227 'inaudita
1465 2187 1531 2239 εΗ,
1546 2186 1608 2226 sed
1623 2187 1820 2237 scripturae
1839 2186 1983 2239 alioqui
2002 2196 2039 2226 et
2056 2186 2114 2227 so-

177 2245 216 2281 ni
234 2256 405 2294 magnam
423 2241 703 2283 similitudinem
722 2242 843 2282 habet.
901 2246 1023 2282 Vtitur
1039 2253 1163 2283 autem
1186 2244 1252 2283 illo
1270 2241 1432 2289 καταβοὴ
1449 2244 1619 2296 Dionyfius
1635 2256 1714 2282 non
1732 2256 1810 2282 vno
1827 2245 1865 2282 in
1882 2238 1993 2289 loc03
2024 2256 2114 2284 nam

177 2298 338 2350 legimus
359 2299 453 2339 libro
470 2302 543 2339 Vll.
571 2295 628 2342 τήν
650 2316 690 2339 τε
706 2297 882 2352 ἆχσίξιτῖον
897 2300 957 2339 τοῦ
970 2297 1081 2348 diruo-u
1102 2297 1290 2345 καταβοήν.
1345 2303 1386 2338 In
1405 2299 1541 2338 eodem
1560 2299 1653 2339 libro
1670 2301 1784 2338 vtitur
1804 2298 1880 2339 hoc
1896 2302 2054 2339 nomine
2070 2302 2112 2339 in

178 2355 290 2395 dandi
308 2356 391 2395 casu
411 2370 502 2395 cum
517 2353 634 2394 verbo
651 2356 830 2407 χξῆσθαιῑ
859 2354 1032 2402 scribens
1055 2352 1115 2396 καὶ
1137 2356 1262 2402 πολλῆ
1277 2355 1441 2406 καταβοῇ
1464 2355 1529 2396 rav
1542 2355 1731 2402 βουλευτῶν
1747 2354 1906 2408 ὲχςδντο.
1965 2354 2039 2395 Vbi
2055 2365 2110 2395 ta·
2135 2388 2148 2392 ,

178 2426 265 2451 rnen
282 2415 400 2466 magis
417 2411 576 2465 placeret
598 2410 702 2452 κατὰ,
723 2410 789 2451 τῶν
810 2411 1010 2456 βουλευτῶν.
1069 2415 1113 2450 Et
1136 2411 1352 2451 omiffionis
1378 2410 1614 2451 occasionem
1638 2411 1677 2450 id
1692 2410 1807 2450 videri
1824 2412 1946 2463 potest
1960 2411 2110 2462 dediffe,

176 2469 282 2522 quod
300 2470 425 2509 eadem
444 2466 715 2520 praepofitione
739 2466 853 2505 statim
870 2468 953 2520 post
969 2477 1104 2518 Vtatur,
1134 2470 1172 2506 in
1189 2466 1259 2513 his,
1288 2466 1392 2508 κατά.
1413 2485 1455 2509 τε
1476 2464 1658 2522 <ruff-gome&
1683 2465 1744 2507 καὶ
1767 2465 1929 2519 ἑταιρίας.
1986 2469 2109 2510 Potest

178 2535 300 2564 tamen
322 2536 357 2565 et
373 2524 490 2565 abeffe
507 2525 564 2564 illa
587 2521 820 2576 praepositio,
849 2534 886 2563 et
903 2527 984 2564 eius
1006 2525 1114 2563 vsum
1140 2524 1213 2571 dici
1239 2524 1416 2576 praestare
1434 2538 1487 2570 ea,
1518 2537 1612 2578 quac
1630 2524 1679 2562 illi
1702 2522 1931 2575 compositae
1949 2527 2036 2564 voci
2051 2527 2108 2566 in-

176 2581 247 2627 est3
273 2591 312 2619 vt
327 2582 480 2633 perinde
498 2580 539 2620 fit
556 2594 598 2620 ac
619 2579 645 2619 fi
665 2580 862 2630 diceretur,
889 2578 950 2621 καὶ
978 2581 1104 2629 πολλῇ
1127 2581 1188 2630 βοῆ
1204 2577 1308 2620 κατὰ
1331 2580 1397 2621 τῶν
1413 2579 1603 2627 βουλευτῶν
1620 2579 1780 2632 ἐχρῶντο.
1839 2579 1943 2619 Idem
1961 2593 2107 2622 nomen
2137 2582 2143 2585 “

178 2651 268 2679 cum
288 2638 425 2678 codem
450 2637 566 2679 verbo
583 2638 755 2679 inuenies
775 2645 812 2678 et
834 2635 929 2678 libro
948 2639 1009 2689 Vl,
1031 2633 1092 2679 καὶ
1114 2636 1199 2678 τότε
1224 2633 1479 2690 ἀντέπραττον,
1506 2631 1567 2677 καὶ
1593 2635 1718 2685 πολλῇ
1747 2636 1912 2688 καταβοῇ
1935 2636 2105 2692 ἐχῖῖόντοι
