2166 2777
175 78 282 109 xxx
442 58 1863 121 DVKERIPRAEFATIO,

180 187 270 215 rum
293 171 548 226 quorumdam
571 169 753 216 dicebam,
780 182 823 209 ac
849 168 1014 223 denique
1029 169 1112 222 post
1133 169 1276 211 multos
1300 170 1398 210 vlt-ro
1414 173 1588 225 citroque
1606 170 1754 211 habitos
1780 171 1974 212 sermones
1992 172 2040 212 ita
2057 185 2120 213 me
2155 168 2159 171 ’

181 229 325 273 dimisit⁷
357 239 395 268 vt
414 231 480 282 qui
506 227 600 267 mihi
624 227 732 279 plane
749 228 825 265 iam
849 225 1011 277 placatus
1036 225 1235 273 videretur,
1264 233 1319 277 (et
1336 230 1421 281 quis
1444 228 1570 280 paullo
1591 229 1710 268 modo
1727 227 1952 280 generosior,
1981 227 2121 269 etiamsi

180 287 300 341 aliqua
316 288 355 325 in
373 299 412 325 ea
431 298 470 324 re
485 283 594 336 culpa
612 296 694 322 mea
711 281 846 328 fuisset,
873 280 939 322 fibi
957 285 1004 322 ita
1021 282 1186 323 satisfieri
1205 297 1286 322 non
1305 283 1539 335 pateretur?)
1561 298 1604 324 ac
1622 297 1702 324 non
1719 284 1842 325 multo
1859 286 1940 337 post
1950 284 2124 338 Delphos

182 343 375 383 discedens
402 338 542 380 nullam
563 339 658 379 mihi
685 336 816 378 offensi
831 348 896 377 aut
921 341 1067 378 inimici
1083 342 1199 380 animi
1220 338 1532 391 fignificationem
1551 341 1664 381 dedit.
1723 344 1830 382 Haec
1847 355 1967 397 quum
1987 344 2034 381 ita
2051 340 2124 382 effe

186 414 267 440 non
282 402 442 450 ignoret,
462 409 602 451 quaero
621 409 667 435 ex
686 394 764 442 illo,
774 408 848 449 qua
866 393 991 436 fronte
1008 395 1145 437 deinde
1159 397 1252 436 haec
1268 395 1517 451 omnia,quafi
1534 398 1627 437 nihil
1641 412 1780 438 eorum
1798 401 1893 438 inter
1910 411 1980 438 nos
1996 397 2126 439 atium
2151 439 2158 445 „

186 456 283 500 effer,
301 469 379 494 non
395 453 632 506 impudenter
653 455 781 504 magis,
808 465 921 505 quam
943 453 1128 504 improbe,
1145 452 1251 504 quod
1272 453 1420 494 videbat
1435 454 1570 494 scilicet
1587 455 1701 494 adimi
1718 451 1795 503 fibi,
1824 453 1888 494 nili
1905 455 1982 495 hoc
1999 457 2127 495 retice-

184 523 250 559 ret,
274 513 370 550 hanc
393 509 568 549 facinoris
599 508 653 548 sui
679 509 836 558 causam,
876 508 1117 559 diffimulare,
1155 521 1267 564 atque
1289 510 1440 563 insuper
1464 514 1614 551 mentiri
1638 511 1747 550 ausus
1771 509 1895 561 fuerit,
1933 525 1995 551 me
2010 511 2126 565 famae
2152 529 2155 531 ·

174 570 387 624 fortunisque
402 567 474 620 suis
494 580 603 604 nocere
627 575 809 607 conatum
825 563 939 609 fuisse,
966 581 1031 616 mc,
1050 581 1152 619 quum
1167 575 1231 604 tam
1240 569 1420 618 praeclaris
1441 569 1525 621 ansts
1545 568 1729 619 excidiffl’m,
1745 568 1904 620 stolidam
1927 569 2125 607 iracundiam

185 625 324 665 cohibere
333 624 508 678 portasse?
536 636 656 677 quum
671 635 745 674 ego
763 635 809 661 ex
825 624 944 661 animi
967 624 1044 662 mei
1061 623 1240 662 sententia
1258 623 1468 678 adseuerare
1483 623 1631 676 possim,
1658 625 1851 663 neminem
1866 622 1981 668 fuiffe,
2013 636 2127 679 quem

184 682 236 722 illi
263 680 466 733 praelatum
491 682 723 731 cupiuerim,
765 692 903 732 meque
926 692 1007 719 non
1031 678 1272 720 mediocriter
1295 690 1401 720 tanto
1432 680 1531 721 illius
1557 679 1666 720 bono
1697 680 1869 731 gauisum
1891 678 2017 727 fuisse,
2056 693 2127 720 nec
2152 682 2164 725 s

185 738 391 793 quidquam
415 746 498 776 tum
523 735 652 775 dixisse
674 745 738 775 aut
762 733 896 785 fecisse,
928 749 949 775 e
976 749 1055 789 quo
1081 736 1312 777 iracundiam
1333 751 1462 777 meam.
1482 736 1688 788 intelligere
1707 739 1884 788 potuerit.
1943 738 1981 776 Si
1998 751 2060 777 me
2074 735 2127 777 fa-

185 809 287 836 mam
303 794 546 846 fortunasque
571 792 652 832 suas
676 791 916 845 oppugnasse,
941 801 979 832 et
1004 790 1070 832 fibi
1091 792 1191 832 nulla
1212 791 1258 833 de
1275 793 1378 834 causa
1389 804 1470 833 tam
1497 797 1633 833 iratum
1649 792 1721 841 effe
1745 792 1892 843 sciebat,
1925 806 1992 832 cur
2015 796 2128 834 etiam

185 853 251 892 diu
271 851 353 903 post
377 852 594 898 amicitiam,
627 862 722 903 quae
738 846 822 889 ante
843 851 940 888 inter
955 862 1025 888 nos
1040 847 1170 900 fuerat,
1201 850 1326 890 colere
1349 849 1494 890 voluit?
1524 853 1660 904 Neque
1678 863 1824 897 verum,
1853 863 1977 903 neque
1994 850 2128 903 proba-

187 908 261 948 bile
283 907 345 956 est,
377 906 483 960 quod
501 906 602 945 dicit.
661 904 732 945 Sed
750 905 923 957 fingenda
942 915 1018 945 erat
1033 908 1072 945 in
1089 908 1250 958 speciem
1268 907 1374 946 causa
1395 909 1680 956 criminationis,
1715 914 1751 946 et
1769 905 2010 947 mendacium
2025 907 2072 947 de
2087 907 2130 946 li-

187 967 273 1005 teris
300 966 392 1003 meis
413 962 624 1002 calumniae
650 961 956 1015 praetexendum,
994 976 1074 1017 quo
1098 963 1133 1003 se
1156 962 1330 1004 liberiore
1353 962 1561 1004 abusui-um
1584 963 1756 1016 sperauit,
1788 962 1996 1016 postquam
2011 965 2054 1014 is,
2082 963 2129 1004 ad

160 1044 165 1055 ι
187 1034 304 1076 quem
320 1033 379 1059 eas
397 1019 583 1065 dederam,
608 1032 630 1058 e
656 1018 784 1058 medio
811 1018 975 1071 exceffit,
1003 1022 1070 1074 qui
1094 1017 1119 1059 fi
1143 1022 1300 1068 viueret,
1331 1034 1380 1061 ne
1393 1019 1533 1060 hiscere
1558 1020 1713 1074 quidem
1736 1019 1848 1059 ausus
1869 1017 2003 1061 fuiss'et.
2057 1019 2131 1061 Sed

130 1091 133 1095 ·
188 1077 284 1119 mihi
299 1076 357 1116 vel
374 1089 421 1116 eo
438 1074 622 1116 exstindlo
639 1089 717 1115 non
735 1075 843 1121 deest,
862 1089 944 1129 quo
959 1079 1192 1116 conuincere
1212 1076 1461 1130 sycophantae
1481 1076 1594 1116 huius
1611 1075 1781 1116 fraudem
1801 1076 1950 1129 poffim,
1981 1078 2058 1130 qui,
2079 1074 2130 1116 'vt

186 1134 306 1174 furori
331 1133 399 1172 suo
425 1131 596 1172 colorem
622 1141 822 1186 quaereret,
861 1135 977 1172 animi
1004 1133 1255 1174 conscientiae
1272 1132 1372 1188 quali
1396 1136 1475 1173 vim
1497 1132 1682 1179 adhibere,
1712 1142 1749 1172 et
1767 1132 1931 1185 prudens
1954 1146 1996 1173 ac
2012 1133 2130 1174 sciens

186 1189 337 1243 publice
355 1187 484 1228 falsum
502 1188 637 1238 dicere,
669 1202 784 1242 quam
812 1202 886 1235 me,
910 1202 932 1228 a
952 1202 1032 1244 quo
1056 1189 1092 1229 se
1108 1189 1174 1228 alia
1192 1192 1232 1229 in
1253 1203 1292 1230 re
1312 1189 1450 1230 laesum
1470 1189 1592 1230 modo
1607 1189 1870 1242 suspicabatur.
1898 1202 1980 1230 non
1994 1189 2130 1242 vlcisci,

185 1257 223 1286 et
239 1244 423 1287 vindistae
439 1245 635 1298 cupiditati
657 1258 806 1284 morem
823 1258 901 1284 non
921 1258 1060 1296 gerere,
1090 1244 1232 1285 maluit.
1444 1284 1446 1286 ,
1621 1292 1624 1293 ⁷
1892 1292 1907 1295 μγ
2148 1293 2153 1296 A

289 1305 371 1342 Nec
390 1304 513 1342 verior
529 1301 581 1341 est
599 1301 703 1341 altera
721 1300 778 1340 illa
796 1301 900 1341 causa
915 1302 963 1339 de
979 1301 1188 1354 bibliopola
1203 1315 1224 1342 a
1241 1315 1302 1342 me
1320 1301 1366 1342 ad
1382 1314 1434 1348 ea,
1460 1300 1599 1356 quibus
1625 1303 1765 1341 eruditae
1777 1302 1895 1356 famae
1912 1303 1998 1343 suae
2013 1300 2131 1344 funus

184 1358 389 1413 parabatur,
419 1357 642 1411 publicanda
670 1357 843 1410 impulso.
902 1360 1001 1397 Nam
1026 1357 1164 1411 quibus
1191 1359 1350 1405 indiciis,
1383 1357 1524 1413 quibus
1545 1361 1786 1410 argumentis,
1815 1357 1954 1413 quibus
1978 1359 2131 1400 testibus

187 1417 277 1467 hoc,
306 1429 428 1469 quum
447 1412 717 1455 Praefationem
741 1417 903 1454 Senecae
928 1413 1115 1461 scribebat,
1143 1424 1388 1468 compertum
1411 1413 1566 1455 habuit?
1601 1414 1734 1455 Nullis.
1791 1416 1962 1467 Arripuit
1988 1424 2130 1456 temere

186 1481 411 1525 conceptam
432 1487 449 1510 e
469 1472 646 1523 puellarum
662 1478 691 1510 et
708 1470 934 1524 adolescentum
949 1470 1076 1524 fabulis
1098 1474 1226 1519 (nouit
1251 1472 1343 1526 quid
1360 1471 1437 1511 hoc
1453 1470 1525 1519 fit),
1552 1470 1691 1525 quibus
1715 1484 1788 1522 ego
1811 1471 1944 1511 auctor
1961 1470 2060 1512 illius
2077 1475 2132 1514 rei

187 1528 405 1581 designabat,
434 1527 696 1580 suspicionem,
725 1536 762 1567 et
778 1529 952 1581 quamuis
973 1526 1080 1568 facile
1105 1528 1197 1568 scire
1213 1527 1402 1581 potuisset,
1417 1541 1501 1568 eam
1524 1541 1658 1568 vanam
1675 1527 1758 1578 effe,
1784 1537 1911 1568 tamen
1927 1527 2020 1569 nihil
2039 1528 2132 1570 vlte-
2165 1523 2166 1562 j

185 1589 262 1626 rius
281 1583 553 1639 inquirendum
569 1593 668 1623 ratus
685 1581 750 1623 fibi
768 1583 846 1623 hoc
869 1584 954 1623 satis
978 1584 1106 1625 causae
1125 1584 1210 1632 effe,
1237 1599 1304 1625 cur
1318 1598 1380 1624 me
1403 1583 1556 1637 publice
1579 1583 1760 1624 omnibus
1785 1584 1933 1638 probris
1946 1584 2139 1639 lacerareg-
2165 1624 2166 1630 ,

187 1642 379 1683 arbitratus
405 1641 466 1680 est.
523 1643 612 1691 Qua
637 1654 675 1680 re
700 1653 813 1695 quam
840 1643 944 1692 graui
970 1650 1082 1695 atque
1105 1640 1328 1682 intolerabili
1350 1643 1484 1681 iniuria
1509 1654 1572 1681 me
1597 1640 1747 1693 laeserit,
1777 1651 1963 1696 quantum
1986 1643 2132 1695 flagitii,

187 1702 310 1740 immo
329 1697 470 1737 sceleris
489 1697 687 1747 admiserit,
711 1697 876 1737 iudicare
894 1696 986 1737 volo
1002 1706 1149 1749 omnes,
1178 1700 1255 1752 qui,
1277 1698 1369 1753 quid
1386 1701 1456 1749 ius,
1476 1697 1571 1752 quid
1587 1697 1750 1748 bonum,
1781 1697 1950 1752 quidque
1965 1712 2132 1754 aequum
2163 1731 2166 1741 .

190 1754 243 1806 fit,
269 1754 489 1805 intelligunt.
546 1753 653 1804 Qid
668 1752 797 1793 enim?
827 1767 967 1799 nonne,
995 1769 1117 1809 quum
1142 1768 1222 1795 rem
1241 1768 1322 1794 non
1347 1754 1471 1795 leuem
1485 1764 1550 1795 aut
1566 1753 1746 1795 ludicram
1761 1764 1913 1807 pararet,
1940 1755 2002 1796 sed
2015 1755 2132 1809 famae

190 1825 295 1852 meae
311 1811 440 1864 vespillo
455 1811 535 1850 fieri
551 1809 780 1860 decreuisset,
800 1813 902 1864 prius
918 1823 1031 1865 quam
1049 1810 1129 1862 me,
1151 1821 1191 1851 vt
1209 1814 1281 1851 vita
1298 1810 1549 1865 moribusque
1566 1821 1715 1865 turpem
1731 1811 1985 1864 proscriberet,
2015 1825 2131 1866 quam

190 1866 465 1919 diligentiffime
484 1868 523 1906 in
539 1880 620 1907 eam
636 1880 715 1907 rem
739 1870 940 1921 inquirere,
971 1877 1020 1918 et,
1050 1867 1156 1923 quod
1177 1870 1291 1909 etiam
1315 1881 1455 1920 pueros
1471 1868 1598 1914 docet,
1627 1871 1815 1908 veritatem
1841 1870 1945 1921 prius
1962 1868 2130 1910 multum

191 1924 394 1976 explorare,
420 1936 535 1976 quam
553 1923 656 1963 stulta
674 1936 788 1975 praue
806 1923 986 1964 iudicaret
1003 1924 1196 1976 sententia,
1226 1923 1403 1981 debebat?
1433 1924 1602 1965 Habebat
1616 1925 1679 1964 hic
1693 1927 1850 1975 amicos,
1878 1938 1900 1964 e
1920 1924 2058 1979 quibus
2076 1939 2130 1966 re·

189 1981 349 2030 sciscere,
376 1979 468 2033 quid
494 1993 626 2019 verum
646 1980 745 2026 effer,
768 1989 933 2033 poterat5
966 1993 1049 2021 non
1073 1980 1275 2033 ignorabat,
1304 1991 1404 2022 certe
1428 1984 1599 2032 ignorare
1623 1994 1705 2021 non
1728 1980 1897 2037 debebat,
1927 1995 2002 2034 me,
2023 1982 2130 2036 quod
2164 2002 2166 2006 ⁴

190 2035 468 2087 famigeratores
494 2036 648 2089 quidam
671 2036 877 2089 sparserant,
903 2037 1117 2078 constanter
1137 2052 1293 2091 negare3
1321 2051 1363 2079 ac
1382 2038 1551 2092 denique
1575 2037 1702 2078 fidiam
1725 2037 1798 2078 effe
1814 2037 1915 2078 illam
1932 2038 1979 2078 de
1995 2052 2058 2079 me
2074 2037 2131 2079 sa·

189 2092 317 2133 bulam
333 2092 392 2132 vel
407 2106 454 2132 ex
470 2105 530 2140 eo,
556 2091 622 2132 nili
638 2091 743 2132 furor
758 2096 886 2148 iraque
905 2103 1072 2134 mentem
1098 2095 1405 2148 praecipitassent,
1435 2094 1637 2146 intelligere
1655 2103 1840 2147 potuerat,
1871 2094 1978 2148 quod
1993 2094 2131 2136 biblio·
2162 2120 2166 2139 ¹.

189 2149 318 2202 polam
336 2162 389 2199 ea,
419 2161 513 2202 quae
538 2151 578 2188 in
601 2149 731 2190 eadem
749 2149 808 2191 illa
826 2150 1066 2202 ephemeride
1083 2151 1130 2192 de
1154 2166 1216 2193 me
1238 2150 1328 2192 falso
1345 2152 1477 2206 scripta
1501 2160 1616 2203 erant,
1646 2151 1766 2190 statim
1791 2153 1968 2204 proxima
1984 2162 2131 2195 mutare
2162 2169 2163 2173 ¹

191 2216 228 2246 et
255 2203 451 2246 rescribere
473 2204 591 2256 adegi.
650 2207 713 2246 An
736 2204 938 2248 hominem
962 2207 1000 2247 id
1027 2211 1180 2259 aetatis,
1198 2218 1255 2258 et,
1286 2208 1393 2262 quod
1415 2208 1498 2261 plus
1522 2207 1593 2255 est,
1628 2207 1886 2262 Theologuml
1905 2217 1943 2248 et
1963 2207 2138 2250 Philosoe
2161 2234 2164 2241 ·

189 2262 324 2316 phum,
348 2263 488 2315 quique
509 2274 652 2301 nomen
669 2262 781 2302 suum
803 2266 896 2303 inter
911 2276 989 2310 eos,
1018 2267 1084 2318 qui
1101 2264 1226 2305 seuera
1251 2264 1331 2317 lege
1349 2266 1465 2305 vitam
1486 2264 1697 2315 instituunt,
1721 2265 1932 2317 profitetur,
1959 2262 2035 2306 fine
2053 2265 2131 2306 vllo

191 2328 295 2359 certo
315 2318 466 2361 indicio⁷
489 2330 570 2371 quo
588 2331 740 2368 arguere
756 2333 818 2359 me
834 2319 965 2372 posset,
992 2320 1266 2372 suspicionibus
1282 2321 1447 2361 iudicare
1464 2319 1684 2374 oportebat?
1710 2321 1786 2370 An,
1802 2321 2012 2373 'postquam
2025 2321 2131 2363 dein-
2160 2338 2166 2369 i

191 2374 239 2415 de
256 2387 325 2427 pro
349 2383 453 2415 certo
470 2378 666 2425 comperit,
696 2374 755 2414 illa
772 2378 901 2415 omnia
921 2378 1022 2427 prius
1040 2376 1195 2430 Lipsiae,
1225 2391 1340 2431 quam
1357 2377 1430 2429 hic,
1456 2379 1554 2421 edita
1578 2376 1698 2427 fuisse,
1719 2391 1811 2418 eum
1825 2380 1865 2417 in
1881 2377 1940 2418 illa
1958 2392 2038 2419 non
2050 2391 2131 2420 am·
2160 2383 2166 2443 'f

190 2430 286 2483 plius
304 2430 526 2483 suspicione,
553 2430 615 2470 sed
633 2433 708 2470 iarn
723 2432 1047 2484 impudentissimo
1064 2444 1102 2474 et
1118 2433 1349 2475 incredibilis
1366 2434 1564 2476 vecordiae
1578 2433 1793 2486 mendacio,
1823 2433 2066 2488 perseuerare,
2094 2444 2132 2477 et

187 2489 317 2539 repetiti
337 2500 357 2527 a
378 2500 440 2527 me
448 2487 614 2541 facinoris
629 2490 828 2530 atrocitatem
847 2501 1058 2531 memorare
1073 2503 1208 2532 verum
1223 2488 1323 2533 erat?
