2239 2818
441 117 868 156 ANNALES

2 206 5 207 ⁷
43 207 121 242 Inde
133 206 210 239 fama
223 215 298 238 certa
313 205 353 238 de
367 216 468 238 eorum
485 206 614 237 aduentu
629 207 665 237 ad
673 205 821 249 Syracusas
836 205 992 238 emanauit.

43 260 89 285 ,vr
105 260 153 290 45.
197 252 252 281 Hic
274 259 365 280 naues
386 247 542 295 eredat-Moe
564 259 582 279 e
603 248 730 290 Corcyra
752 248 878 290 Egestam
900 245 992 278 missas

43 301 87 324 vl.
104 301 153 331 42.
174 292 340 332 exspectant
354 301 394 322 vl.
409 302 459 332 44.
479 292 685 330 recipiuntque
701 301 741 321 vt.
759 294 809 330 46.
852 291 930 321 Hinc
952 292 993 319 iu-

43 334 131 365 dicari
145 336 254 374 poterit
270 334 309 364 de
324 333 413 374 spatio
428 335 559 373 temporis
574 343 611 363 ex
625 344 683 372 quo
703 333 857 374 Corcyram
874 333 991 371 appule-

4 390 15 394 -
43 385 110 407 rant
137 377 172 407 ad
199 375 336 415 disceffum
356 387 372 406 a
395 375 506 417 Rhegio.
559 375 661 405 Fidem
682 373 817 406 fefelliss‘e
840 373 992 415 Egssaws,

10 441 18 446 .
43 427 163 450 narrant
178 428 268 448 naues
283 419 350 449 illae
370 416 586 458 praecursoriae
606 418 645 448 de
665 418 707 447 rei
721 418 894 455 pecuniariae
908 426 987 456 appa-

13 467 17 471 “
43 469 115 492 tatu.
159 460 232 491 Inde
248 461 359 490 animos
376 459 561 499 despondent
576 458 765 500 Athenienses,
788 469 818 489 et
834 459 992 499 societatem

42 500 174 533 recusant
196 502 283 532 etiam
304 500 433 542 Rhegim'.
455 511 498 532 vr.
520 503 569 541 46.
619 503 676 532 Hic
702 502 820 541 capiunt
843 501 931 531 duces
953 500 992 530 de

41 545 116 575 Belli
136 541 245 574 summa
268 543 427 573 confilium.
468 542 645 583 Meffanenses
666 543 766 574 frustra
788 543 905 574 solicitat
920 541 991 571 Alci-

42 585 142 616 biades.
186 590 211 616 A
233 583 337 626 Rhegio
357 585 475 615 Naxum
489 587 612 616 veniunt
633 587 765 616 nonnulli
780 583 992 622 Atheniensium,

43 629 162 667 reliquis
180 627 214 656 ad
235 626 367 668 Rhegium
384 628 499 658 relictis.
543 628 662 658 Naxum
678 629 840 668 recipiunt,
863 636 924 658 tum
942 628 990 656 de-

14 669 15 673 ’
43 670 115 700 inde
130 670 272 702 Caranum.
314 668 360 701 Ad
371 669 487 699 Naxum
502 671 613 709 reliqua
627 670 771 700 exercitus
787 680 849 710 pars
861 681 877 699 a
887 667 991 709 Rhegio

0 743 16 751 ἵ,
43 711 179 742 arceffita.
219 714 299 742 Tum
321 710 416 741 versus
434 712 580 753 Syracusas
601 721 739 748 mouent,
763 721 793 743 et
808 712 991 742 camarinam.

44 753 103 786 Sed
122 764 138 783 a
153 753 341 783 Camarinaeis
361 763 423 783 non
440 756 550 794 recepti
567 753 703 784 catanam
725 755 858 785 redeunt.
883 763 916 783 vr
941 762 991 793 50.

43 796 125 826 Tum
139 797 249 836 appulit
264 797 344 825 nauis
356 794 516 829 Salaminia,
538 806 594 835 qua
609 805 762 826 reuocatus
777 797 818 827 est
831 795 991 825 Alcibiades.

28 846 84 870 -vL
103 845 150 877 53.
193 838 279 867 breui
295 846 392 867 autem
411 846 580 868 reuocatum
598 837 765 867 Alcibiadem
778 837 862 868 fuifl'e
882 838 992 867 docent

42 880 200 911 Auctores:
231 879 316 908 Breni
338 878 398 919 post
418 888 553 919 tempore,
577 880 672 919 inquit
689 890 707 909 e
730 880 835 921 Trogo,
859 880 991 910 [ustinus.

42 930 88 952 lv.
111 930 139 960 4.
186 921 334 961 Postquam
358 923 387 949 iu
410 921 532 951 Siciliam
555 931 614 951 eum
635 920 780 961 peruemff:
804 921 990 951 crediderunt.

44 963 144 994 Verba
163 960 228 993 sunt
252 963 370 1002 Nepotis
389 963 418 993 in
438 963 577 993 Alcibiade
597 973 617 993 c
640 973 667 1004 4.
713 967 828 1004 Nempe
849 963 991 1002 temporit

44 1005 135 1036 modo
157 1005 208 1035 illo
229 1006 256 1035 ei
278 1005 391 1034 indulto
413 1015 486 1044 quo,
509 1015 563 1043 per
584 1015 630 1035 res
653 1006 684 1035 in
704 1005 812 1036 itinere
834 1005 991 1046 gerendas,

43 1048 148 1077 venire
162 1048 264 1077 liceret
278 1048 307 1076 in
318 1045 446 1078 Siciliam.
491 1047 570 1080 Μετ’
584 1047 689 1086 ὀλίγον
704 1045 824 1092 χρόνον,
848 1045 990 1076 Plutarch.

42 1089 134 1119 Nicia.
175 1086 421 1129 Μετοίπεμπτος
438 1086 498 1122 ὑπὸ
515 1091 578 1122 τῶν
591 1088 763 1127 Ἀθηναίων
780 1088 833 1122 ἐπὶ
855 1086 910 1128 τὴν
931 1088 992 1133 κρί-

44 1142 93 1164 σιν
116 1129 213 1168 εὐθύς
235 1133 404 1172 γενόμενος.
454 1130 596 1161 Plutarch.
624 1132 785 1162 Alcibiade.
836 1133 899 1161 Nec
925 1130 992 1161 sane

43 1171 179 1203 ceffatum
195 1174 225 1202 in
243 1173 442 1211 Expeditione
455 1184 500 1202 res
519 1171 595 1213 ipsae
609 1172 695 1213 gestae
710 1174 804 1211 palam
819 1172 938 1206 faciunt.
962 1181 992 1203 et

42 1213 276 1256 Syracusanorum
297 1214 439 1245 securitas.
482 1216 575 1245 Prima
590 1216 792 1255 Expeditionis
813 1214 890 1245 fama
907 1215 981 1256 Syra

20 1285 25 1289 .
43 1255 119 1297 cufizs
137 1265 248 1296 atttg=t,
273 1267 337 1286 cum
357 1256 494 1297 Corcyrae
512 1256 693 1288 versarentur
708 1255 888 1296 Athenienses.
934 1256 992 1286 Sed

28 1321 30 1323 »
46 1298 128 1328 dubia
146 1299 242 1329 adhuc
256 1299 414 1328 admodum
430 1308 460 1329 et
474 1301 592 1333 incerta,
616 1309 672 1328 nec
686 1310 701 1328 a
715 1300 863 1338 plerisque
877 1298 992 1328 credita.

47 1342 138 1373 Certa
151 1351 249 1372 autem
265 1351 324 1370 non
340 1350 427 1370 antea
442 1351 528 1379 quam
540 1340 674 1381 Rhegium
682 1340 837 1379 attigissent
845 1339 991 1370 Athenien-

38 1381 90 1425 ses.
132 1383 207 1413 Inde
222 1393 331 1413 moram
350 1382 458 1411 breuem
479 1381 564 1413 fuifl'e
587 1382 773 1412 manifestum
795 1383 837 1413 est
859 1393 925 1412 cum
943 1393 993 1422 ap-

44 1426 172 1466 pelleret
188 1426 270 1454 nauis
285 1424 432 1454 Salaminia
446 1435 522 1463 quae
535 1435 679 1455 reuocat-t
694 1424 868 1455 Alcibiadem.
913 1425 983 1454 Men

37 1468 97 1509 Jem
117 1465 197 1496 fuiffe
217 1467 322 1503 demus
344 1477 382 1497 ex
403 1477 461 1506 quo
482 1467 607 1496 discessu
629 1477 646 1496 e
668 1467 798 1504 Piraeeo,
825 1477 884 1506 quo
905 1465 993 1506 spatio

46 1510 137 1538 minus
159 1507 217 1539 effe
240 1509 287 1538 vix
311 1510 412 1548 potuit.
456 1510 503 1540 Sec
517 1509 748 1538 Hecatombaeone
766 1509 858 1539 Attico
876 1517 906 1538 et
927 1508 994 1537 lulio

46 1551 159 1581 luliano
172 1550 335 1581 exeuntibus
351 1549 439 1580 fuerit
453 1560 624 1588 reuocatuS,
646 1561 785 1590 annoque
801 1550 876 1581 adeo
897 1549 995 1591 Olym-

44 1592 138 1634 piadis
154 1601 198 1622 20.
218 1602 249 1622 et
270 1591 412 1622 Archonte
431 1592 515 1622 huius
534 1594 604 1622 anni
623 1593 725 1621 itidem
745 1602 790 1624 2⁰.
833 1593 930 1622 Potius
947 1602 994 1621 au-

66 1638 163 1664 endum
177 1631 300 1673 spatium
314 1633 429 1664 fortafl'e
445 1645 532 1673 quam
547 1635 730 1663 minuendum.
771 1638 846 1665 Nam
862 1634 932 1663 dum
947 1634 993 1664 ad-

45 1644 106 1708 ἕως
121 1676 262 1717 Corcyrae
277 1675 413 1706 haereret
433 1676 520 1706 claffis
537 1674 722 1714 Atheniensis,
749 1675 862 1706 classem
879 1675 996 1705 suorum

49 1717 283 1760 Syracusanorum
303 1719 415 1748 cibariis
433 1718 617 1748 bimestribus
634 1717 796 1748 instructam
815 1716 996 1747 suffeeturam

49 1761 203 1793 arbitratur
220 1760 429 1797 Hermocrates,
451 1768 480 1790 vt
499 1770 531 1790 re
550 1762 578 1789 in
600 1760 731 1802 Hyemem
752 1760 895 1800 protrasta
912 1758 998 1788 Athe-

48 1801 150 1842 nienses
166 1802 304 1843 Corcyrae
317 1803 499 1840 contineret,
520 1812 549 1832 et
562 1802 657 1831 Italiae
666 1801 825 1841 Siciliaeque
838 1801 917 1831 aditu
932 1811 999 1841 pro-

51 1845 176 1876 hiberet.
200 1853 245 1875 νι.
261 1852 309 1884 34.
352 1846 410 1875 Sed
427 1843 490 1875 satia
507 1853 569 1874 erat
582 1844 687 1885 Hyems
702 1846 747 1874 vel
761 1845 920 1883 propinqua
935 1851 965 1874 vt
981 1853 998 1873 a

53 1887 140 1918 rebus
155 1887 228 1915 mari
245 1886 402 1926 gerendis,
424 1896 501 1925 quae
514 1885 591 1916 breui
606 1885 712 1916 absolui
729 1896 789 1916 non
807 1884 935 1925 pulsem,
957 1895 999 1914 ar·

52 1937 190 1960 terentur
208 1927 388 1968 Athenienfiw.
430 1930 495 1958 Hoc
513 1929 592 1958 enim
614 1928 787 1958 metuebant
804 1937 870 1957 cum
892 1925 1000 1957 clausos

52 1971 85 2001 in
101 1969 261 2011 Sphafteria
282 1968 372 2000 insula
387 1969 608 2000 Lacedaemonios
627 1968 802 2000 obsiderent.
825 1978 869 1999 tv.
886 1971 935 2000 26.
952 1977 1000 2007 27.

53 2015 91 2044 Et
107 2011 235 2052 paranda
255 2020 332 2046 erat,
358 2012 396 2042 de
412 2022 467 2052 qua
484 2013 622 2051 loquitur.
643 2009 741 2050 claffis,
764 2019 795 2041 et
808 2010 1002 2040 commeatibus

54 2054 238 2088 instruenda,
261 2064 328 2083 cum
344 2054 417 2084 haec
432 2063 581 2093 peroraret
594 2054 805 2088 Hermocrates,
827 2053 908 2092 quod
921 2061 1003 2083 certe

57 2105 129 2135 opus
144 2105 293 2135 paucorum
309 2095 416 2125 dierum
437 2095 496 2126 ess’e
515 2107 575 2126 non
596 2097 700 2136 potuit.
743 2095 816 2125 Satis
835 2105 909 2135 ergo
926 2104 1003 2124 com-

57 2138 147 2169 mode
164 2136 320 2176 respondet
335 2146 442 2177 tempus
461 2148 477 2167 a
495 2139 580 2168 nobis
594 2138 779 2178 assignatum,
803 2146 861 2176 quo
883 2146 922 2166 ne
943 2137 1003 2175 qui-

57 2179 126 2210 dem
143 2179 361 2209 discedentibus
378 2191 394 2209 a
417 2181 531 2210 Piraeeo
554 2178 614 2219 ipso
635 2177 854 2216 Athenienfibus,
883 2177 1004 2218 spatium

58 2222 193 2260 trimestri
204 2223 296 2251 multo
311 2222 401 2250 maius
415 2222 594 2256 conceditur,
616 2222 651 2250 ad
660 2222 778 2263 Hyemts
790 2221 906 2250 initium
921 2230 1006 2260 quam

58 2263 135 2294 ideo
153 2273 247 2294 metue.
255 2264 324 2293 bant
339 2264 369 2293 in
385 2263 471 2293 rebus
488 2264 646 2293 maritimis.

102 2308 194 2336 Pauca
222 2305 269 2335 hie
293 2315 351 2334 non
379 2305 540 2334 admodum
567 2306 737 2344 importune
761 2303 799 2334 de
824 2303 1009 2342 temporibus

949 112 1577 161 Tnvcrniossct.

1922 116 1979 154 691

1036 203 1107 235 vndi
1124 212 1273 243 concepta.
1316 205 1376 233 Nos
1393 201 1513 241 quidem
1527 201 1556 231 in
1575 199 1827 241 Olympionicarum
1838 198 1981 239 Catalogo

1034 247 1182 277 vicloriam
1199 248 1261 276 eius
1277 245 1313 275 ad
1332 244 1374 275 Ol.
1390 253 1465 274 xcu.
1483 244 1643 273 retulimus.
1688 242 1746 272 sed
1765 241 1985 285 ι’πποτροφιὸιν

1034 289 1114 319 illam
1138 288 1194 318 hoc
1216 286 1291 326 ipso,
1323 297 1380 327 quo
1404 283 1564 322 versamur,
1597 293 1674 314 anno
1698 284 1854 322 exprobrat
1876 283 1983 312 Nicias.

1033 340 1075 362 Vl.
1099 339 1142 362 12.
1185 332 1223 360 Et
1239 339 1370 368 equorum
1390 326 1505 358 suorum
1523 326 1601 357 vsum
1616 329 1645 357 in
1663 324 1728 365 ipsis
1742 324 1880 365 Olympiis
1895 336 1986 363 agno.

1035 372 1083 403 scit
1106 370 1283 412 Responsoria
1306 370 1352 400 sua
1373 369 1534 399 Alcibiades.
1564 377 1606 399 vr.
1627 369 1673 399 16.
1717 367 1792 397 Inde
1817 368 1984 406 colligimur

1036 414 1079 444 Ol.
1094 424 1143 454 91.
1162 415 1360 444 recentiorem
1377 412 1435 442 effe
1450 422 1489 442 ne
1511 410 1633 451 quidem
1653 407 1775 449 potuifl'e
1793 408 1985 448 Olympiadem

1034 458 1127 492 illam,
1149 466 1206 496 qua
1226 456 1328 486 vicerit
1346 453 1506 484 Alcibiades.
1549 455 1586 483 Et
1608 462 1647 482 ne
1663 452 1781 492 quidem
1798 450 1841 480 Ol.
1859 459 1906 481 xc.
1924 449 1984 481 esse

1033 499 1129 549 potuit
1150 497 1306 537 antiquior.
1350 498 1438 526 Natus
1462 497 1541 525 enim
1564 505 1602 524 ex
1628 495 1678 524 illo
1702 493 1890 523 matrimonio
1908 490 1985 531 filius

1035 539 1084 575 ε’τι
1102 543 1178 576 παῖς
1197 548 1260 569 erat
1280 549 1345 569 cum
1363 536 1455 568 efl'ent
1473 539 1502 567 in
1518 537 1647 577 Imperio
1663 546 1730 566 xxx.
1752 535 1885 576 tyranni,
1908 533 1983 564 teste

1033 583 1142 614 eodem
1157 582 1266 612 ibidem
1285 579 1409 620 Isocrate.
1450 581 1565 618 Nempe
1582 580 1664 608 annis
1681 587 1755 608 xvrt.
1770 579 1867 607 minor.
1909 579 1984 607 Nam

1034 626 1070 656 ab
1083 624 1125 655 Ol.
1134 634 1182 666 90.
1195 624 1263 656 1.ad
1283 623 1325 653 01.
1341 632 1389 663 9⁴·
1404 620 1554 661 Lfidecim
1570 622 1637 649 anni
1653 619 1724 656 sunt,
1745 620 1846 660 viginti
1857 618 1949 649 futuri
1963 618 1983 649 fi

1035 678 1050 698 a
1073 669 1166 707 priori
1189 667 1284 706 aliqua
1308 664 1477 705 supputetur
1495 662 1665 703 Olympiade.
1709 663 1764 692 Vel
1787 672 1859 702 ergo
1875 661 1917 691 Ol.
1935 669 1981 691 xc.

1034 713 1081 740 vel
1101 719 1162 740 xci.
1185 709 1289 739 vicerit
1314 713 1430 746 oportet
1452 704 1614 735 Alcibiades.
1663 705 1730 733 Non
1755 712 1835 733 certe
1867 702 1910 732 Ol.
1933 711 1982 733 xc.

1035 755 1109 782 Nam
1120 750 1197 790 filius
1212 747 1309 786 effide
1325 748 1486 790 ’γενόμενος
1503 747 1643 786 orphanus
1657 744 1746 775 faetus
1764 746 1814 781 est,
1837 753 1865 775 vt
1879 755 1916 774 ex
1932 755 1984 775 eo·

1034 795 1103 824 dem
1126 792 1257 822 discimus
1280 791 1408 831 Istumne,
1436 790 1499 820 aeto
1517 791 1547 819 in
1566 788 1689 824 exsilium
1701 796 1799 826 patre,
1822 796 1914 817 matre
1934 797 1984 816 au-

1034 845 1095 866 tem
1119 846 1136 865 e
1156 835 1230 863 viuis
1251 834 1424 864 excedente.
1468 831 1616 861 Praecedit
1641 830 1730 860 Patris
1743 827 1895 859 Alcibiadis
1914 827 1984 864 exfi-

1033 877 1115 912 Iium,
1137 876 1194 906 hoc
1209 873 1283 915 ipso,
1306 875 1345 905 de
1361 884 1419 914 quo
1436 875 1565 914 agimus,
1587 881 1716 912 tempore.
1761 872 1864 902 Matris
1879 870 1984 900 obitum.

1033 929 1103 950 tunc
1125 917 1208 949 fuiffe
1236 918 1324 948 docet
1352 918 1382 946 in
1409 915 1558 945 Alcibiadis
1580 916 1636 944 vita
1664 910 1831 942 Plutarchus
1858 923 1923 942 cum
1947 912 1983 942 ad

1034 960 1170 1001 Ephffum
1195 960 1347 1000 nauigaret
1363 957 1522 988 Alcibiades.
1564 959 1642 987 Tum
1665 953 1786 989 scilicet.
1810 964 1839 985 vt
1858 955 1984 989 videtur,

1035 1014 1101 1034 cum
1119 1002 1205 1032 socias
1221 1000 1297 1038 Afiae
1313 1002 1443 1032 ciuitates
1466 1000 1502 1029 ab
1516 997 1718 1034 Atheniensium
1739 995 1877 1027 societate
1894 995 1985 1027 solici-

1034 1054 1109 1076 taret
1127 1043 1287 1074 Alcibiades.
1331 1044 1378 1075 Sic
1397 1042 1486 1073 fuerit
1507 1039 1550 1071 hic
1571 1040 1629 1081 ipse
1643 1050 1738 1070 annus
1752 1038 1903 1069 Alcibiadis
1921 1038 1983 1069 filio

1033 1087 1143 1117 natalis.
1193 1086 1290 1116 Priori
1313 1094 1410 1115 autem
1437 1085 1550 1124 nuptiae
1575 1085 1663 1123 paulo
1691 1090 1760 1112 ante
1782 1080 1983 1122 Olympiadem.

1034 1132 1081 1161 Sic
1102 1139 1180 1159 anno
1202 1129 1301 1157 aetatis
1322 1136 1427 1159 xxxiv.
1459 1129 1526 1165 (pto
1553 1126 1657 1156 nostris
1677 1134 1787 1163 nempe
1809 1123 1985 1163 rationibus)

1034 1181 1148 1202 vxorem
1169 1171 1301 1207 duxerit,
1322 1177 1431 1201 xxxvo.
1451 1177 1548 1198 autem
1567 1166 1668 1206 filium,
1693 1166 1731 1196 de
1747 1175 1805 1206 quo
1825 1166 1985 1204 loquimur,

1035 1214 1194 1253 susceperit
1216 1211 1376 1241 Alcibiades.
1424 1213 1484 1240 Nec
1505 1219 1618 1251 pugnat
1643 1209 1740 1238 Nicias
1764 1218 1830 1238 cum
1851 1206 1900 1236 hoc
1922 1205 1982 1246 ipso

1035 1266 1105 1285 atino
1121 1254 1255 1294 νεότητα
1276 1254 1306 1291 ἐς
1325 1251 1363 1286 rei
1382 1250 1490 1296 ἄρχειν
1505 1252 1614 1282 obiecit
1631 1251 1736 1280 Nicias.
1761 1259 1805 1281 VI.
1826 1258 1872 1281 12.
1915 1250 1984 1279 Non

1034 1306 1116 1329 certe
1137 1297 1272 1336 intelligit
1294 1296 1469 1325 quentatem
1489 1295 1567 1324 illam
1592 1303 1666 1334 quae
1685 1291 1803 1333 Legibus
1823 1292 1914 1330 impar
1931 1290 1985 1320 Im-

1033 1341 1111 1380 perio
1125 1339 1292 1369 haberetur.
1336 1340 1399 1368 Hoc
1421 1338 1504 1366 illurn
1519 1337 1595 1365 velle
1610 1346 1649 1366 ne
1662 1335 1779 1375 quidem
1799 1331 1912 1374 potuiffi
1934 1333 1985 1363 do-

1035 1390 1104 1412 cent
1127 1389 1169 1411 tot
1185 1378 1337 1410 Alcibiadis
1358 1388 1428 1408 ame
1451 1378 1529 1408 illam
1545 1377 1642 1407 Niciae
1665 1378 1831 1406 orationem
1851 1376 1983 1415 Imperia.

1035 1424 1180 1458 Intelliqit
1198 1432 1273 1460 ergo
1290 1421 1433 1461 supremos
1455 1421 1620 1451 quentutis
1637 1419 1754 1452 limites.
1776 1428 1901 1457 eamque
1919 1427 1988 1457 pro-

1036 1466 1107 1496 inde
1119 1466 1292 1494 quentutem
1307 1474 1381 1503 quae
1395 1463 1543 1500 SeneHuti,
1566 1472 1622 1501 qua
1637 1463 1756 1499 quidem
1773 1460 1853 1501 Leges
1867 1459 1987 1489 Seneilu-

1036 1517 1091 1537 tem
1106 1506 1278 1539 censebant,
1301 1506 1513 1544 opponebatur.
1556 1506 1623 1540 Qua
1637 1502 1743 1533 scilicet
1758 1504 1787 1532 in
1801 1503 1987 1532 Romanorum

1037 1549 1184 1589 disciplina
1213 1549 1360 1578 Centurias
1388 1548 1514 1587 legimus
1548 1545 1690 1575 Iuniorum
1719 1554 1807 1584 atque
1834 1544 1986 1579 seniorum,

1037 1593 1128 1622 etiam
1148 1592 1177 1621 in
1191 1599 1286 1620 aetate
1302 1589 1437 1619 Militari.
1479 1588 1512 1618 Id
1534 1588 1613 1617 enim
1629 1588 1745 1618 volebat
1762 1586 1874 1621 Nicias,
1897 1595 1989 1625 quan-0

1038 1644 1125 1673 quam
1143 1634 1227 1673 Leges
1240 1632 1404 1671 Imperium,
1438 1631 1550 1669 quoties
1571 1630 1684 1659 nullum
1705 1627 1871 1659 oecurriss'et
1892 1625 1990 1657 insoli-

1039 1684 1100 1705 tum
1117 1676 1288 1713 periculum,
1310 1671 1469 1703 Iunioribus
1488 1671 1696 1706 concederent,
1711 1669 1760 1700 hoc
1775 1679 1882 1705 tamen,
1906 1668 1990 1711 quod

1037 1715 1199 1757 periculosae
1218 1717 1340 1755 plenum
1358 1716 1441 1744 aleae
1455 1715 1647 1752 probauerat,
1673 1724 1732 1743 non
1751 1711 1809 1743 effe
1824 1712 1991 1742 conceden-

1040 1759 1109 1789 dum
1125 1767 1331 1798 praeterquam
1339 1756 1510 1797 senioribus,
1536 1765 1575 1784 ne
1589 1765 1675 1794 quam
1692 1756 1861 1796 grauiorem
1881 1763 1989 1784 noxam

1040 1809 1160 1839 caperet
1173 1810 1189 1828 e
1201 1798 1317 1829 quenili
1331 1799 1497 1829 temeritate
1507 1798 1685 1836 Respublica.
1727 1800 1771 1827 Ita
1785 1805 1864 1827 certe
1876 1796 1991 1825 Niciam

1040 1843 1222 1879 criminatur,
1244 1841 1321 1881 quali
1336 1841 1372 1870 ad
1386 1837 1526 1879 διαὶςασιν
1543 1843 1608 1876 τοῖς
1625 1839 1701 1876 νέοις
1721 1839 1751 1877 ἐς
1767 1838 1841 1875 τοῦς
1856 1835 1993 1884 πρεσβυ-

1042 1884 1155 1928 τέρους.
1187 1893 1232 1914 Vt.
1256 1889 1304 1921 18.
1347 1885 1375 1913 ls
1395 1893 1468 1923 ergo
1494 1881 1592 1911 Niciae
1612 1881 1677 1917 νέος
1700 1890 1762 1911 erat
1787 1881 1835 1920 qui
1859 1880 1993 1910 nondum

1042 1923 1262 1971 πρεσβύτερος.
1303 1924 1359 1955 Sed
1385 1934 1454 1955 vero
1477 1922 1568 1962 infima
1593 1923 1741 1952 &nectutis
1763 1920 1874 1962 Epocha
1897 1921 1994 1950 adhuc

1043 1977 1106 1998 erat
1121 1967 1247 1998 inferior
1260 1966 1421 1997 Alcibiades.
1464 1965 1590 1995 Mediam
1601 1966 1711 1996 Aetati·
1725 1964 1867 1994 Militaris
1878 1971 1994 2003 partem

1044 2010 1205 2047 capiamus,
1231 2019 1305 2049 quae
1317 2010 1426 2050 integra
1443 2017 1506 2038 erat
1524 2017 1666 2037 annorum
1678 2016 1756 2037 κιαι.
1800 2007 1908 2038 Addita
1925 2006 1995 2035 Pue-

1046 2052 1129 2081 ritiae
1142 2061 1284 2081 annorum
1299 2060 1378 2081 xvtr.
1397 2050 1505 2080 efficiet
1520 2059 1631 2079 annum
1646 2050 1744 2077 aetatis
1759 2056 1891 2079 xxxviu.
1934 2045 1995 2078 Sed

1045 2104 1100 2134 per
1118 2094 1302 2134 quinquennia
1317 2101 1442 2123 aetatem
1460 2091 1618 2121 Militarem
1635 2090 1805 2120 Graecorum
1820 2091 1896 2120 illius
1910 2087 1997 2119 Secula

1046 2136 1231 2166 distributam
1248 2133 1397 2165 obseruaui
1413 2133 1489 2173 apud
1506 2131 1719 2172 Xenophontem.
1764 2134 1812 2163 Sic
1830 2142 1908 2162 anno
1925 2140 1998 2161 aeta—

1048 2179 1085 2207 tis
1101 2187 1212 2208 xxxvo.
1241 2178 1412 2207 iuuentutem
1428 2176 1578 2206 terminari
1600 2173 1832 2205 consentaneum
1850 2182 1926 2211 erat,
1949 2173 1999 2212 qui

1051 2218 1130 2250 iustis
1150 2219 1260 2250 constat
1275 2219 1508 2256 terminaturque
1523 2218 1725 2258 quinquenniis.
1767 2216 1874 2256 Estque
1886 2216 1933 2245 illa
1947 2224 2000 2244 me.

1053 2261 1114 2295 dia,
1138 2272 1194 2300 qua
1211 2270 1288 2290 aetas
1312 2261 1444 2290 Humana
1466 2257 1596 2289 vniuersa
1615 2258 1749 2288 censetur
1773 2268 1915 2288 annorum
1930 2266 2000 2287 Lxx.

1053 2305 1117 2333 Nec
1134 2312 1196 2333 erat
1212 2302 1298 2338 Mofis
1320 2301 1523 2332 tantummodo
1546 2310 1684 2330 numerus
1706 2301 1757 2331 ille
1778 2300 1872 2341 PJaIm.
1889 2309 1936 2329 xc.
1955 2306 2002 2330 10.

59 2346 210 2378 Alcibiadis
227 2347 362 2378 addenda
381 2347 435 2376 iuis
452 2357 527 2386 quae
547 2357 625 2376 anno
641 2347 724 2376 huius
741 2345 810 2375 Belli
824 2352 914 2376 xmo.
930 2343 1009 2384 supe·
1054 2355 1156 2375 verum
1183 2346 1270 2376 etiarn
1288 2344 1391 2373 Solonis
1415 2343 1490 2381 apud
1510 2341 1681 2373 Herodotum
1702 2352 1726 2374 1.
1751 2351 1799 2382 32.
1822 2351 1851 2372 et
1866 2340 2004 2381 Censorini.

61 2391 120 2420 rius
141 2389 329 2419 disseruimus,
381 2391 471 2420 Duxit
505 2399 624 2418 vxor-em
653 2388 837 2428 Hipparetam
861 2387 1014 2427 Hipponici
1056 2396 1083 2417 c.
1100 2396 1135 2416 n,
1155 2396 1200 2426 14.
1218 2396 1248 2417 et
1264 2385 1382 2422 verfibus
1403 2385 1467 2418 wiri
1481 2386 1558 2415 illam
1575 2383 1747 2415 sententiam
1763 2382 2005 2419 decantatissimis,

62 2429 170 2468 filiam,
199 2430 270 2476 ossei
291 2429 363 2467 τούς
385 2430 498 2467 αὐτοῦς
518 2427 663 2475 χρόνους,
695 2430 799 2469 quibus
818 2431 892 2469 equis
911 2428 1014 2458 alendis
1058 2429 1137 2459 Ciuis
1153 2431 1290 2458 nimirum
1308 2426 1493 2463 Athenienfis‚
1514 2435 1543 2456 et
1558 2426 1753 2468 Legislotoris‚
1777 2436 1817 2455 ne
1832 2425 1863 2454 {it
1879 2424 2006 2463 proinde

64 2482 191 2502 antimum
202 2473 394 2513 Olympiorum
410 2473 489 2502 causa
502 2473 618 2502 adiecit.
662 2474 727 2502 Hoc
743 2482 796 2501 nos
812 2471 898 2501 docet
915 2471 1014 2511 Isocra·
1058 2481 1108 2501 cur
1124 2472 1265 2500 miremur
1287 2470 1305 2499 si
1331 2470 1404 2499 haec
1426 2478 1501 2498 aetas
1522 2468 1612 2498 suerit
1632 2469 1707 2507 apud
1723 2466 1895 2499 Athenienses
1917 2464 2006 2494 media

63 2522 104 2544 tes
119 2516 253 2544 oratione
274 2519 312 2544 de
333 2514 404 2556 bigis
427 2514 476 2543 sub
498 2513 621 2554 pei-suna
637 2513 693 2553 filii
707 2524 746 2543 ex
762 2514 820 2543 illis
837 2514 944 2553 nuptiis
961 2513 1015 2542 ori·
1057 2511 1541 2552 interluuentutemsenectutemque
1556 2511 1694 2550 legitima.
1735 2511 1799 2540 Itno
1815 2507 2006 2550 quintosepte-

94 2589 122 2621 q)
146 2590 198 2622 Ap.
217 2590 310 2615 Philon.
329 2590 382 2616 Iud.
405 2590 436 2615 dc
453 2589 547 2616 Mund-
569 2588 644 2624 Opif.
667 2596 694 2622 ῃ.
715 2595 758 2625 24.
781 2594 808 2614 et
826 2588 861 2614 CI.
881 2587 952 2613 Alex.
971 2587 1067 2614 strom.
1087 2595 1134 2613 vr.
