2166 2777
186 95 221 122 x
449 71 1861 124 DVRERIPRAFAETTQ

186 187 270 228 dam
292 186 388 229 Cod.
408 185 627 236 contulerat,
648 185 792 228 schedis
807 197 826 226 a
842 183 935 227 Clar.
953 184 1107 227 Fabricio
1127 183 1172 224 ad
1191 184 1400 235 Wetstenium
1425 182 1552 223 miffis.
1611 182 2036 236 Qaeomniazquum
2052 179 2122 235 sub

185 243 268 297 ipfis
286 243 444 283 Scholiis
460 252 544 295 apte
569 245 662 295 poni
689 255 770 281 non
794 241 950 294 possent,
978 240 1062 293 post
1079 238 1216 279 librum
1232 244 1322 280 VIII.
1345 243 1441 279 inter
1458 239 1737 291 Adnotationes
1759 241 1799 278 in
1815 236 1963 279 Scholia
1979 241 2120 281 Graeca

177 299 318 340 setena
333 300 428 339 sunt.
488 300 667 353 Bastleenfis
685 300 810 338 Codicis
826 296 996 348 scholiis,
1022 299 1108 351 quia
1123 297 1205 336 sero
1219 295 1297 336 huc
1314 295 1448 349 perlata
1465 304 1580 342 erant,
1608 295 1693 348 post
1718 297 1832 335 varias
1851 294 2022 335 eiusdem
2037 294 2121 339 libri

175 356 364 397 xle<stiones
381 355 511 396 locum
527 355 623 395 dedi.
1463 349 1468 352 '
1805 384 1808 385 γ
1842 355 1847 358 ·

284 417 342 452 De
360 412 512 452 auts‘tore
528 413 668 451 horum
684 409 925 449 Scholiorum
941 408 1034 450 Clar.
1053 410 1218 448 Fabricius
1234 421 1312 448 non
1330 406 1403 448 fine
1420 410 1566 448 ratione
1582 407 1784 458 adsentitur
1796 407 1961 460 Stephano
1979 421 2013 461 p.
2026 420 2119 460 575.

185 473 255 518 [T.
274 472 312 507 II.
330 482 365 521 p.
383 470 476 519 468.
496 467 534 515 s.]
552 476 588 506 et
610 473 702 518 585.
722 469 777 519 [p.
795 470 911 517 482]
938 467 1049 505 huius
1073 465 1251 504 editionis
1278 466 1424 517 putanti
1440 478 1520 505 non
1541 467 1650 503 vnius
1675 463 1844 513 alicuius,
1873 464 1934 503 sed
1951 464 2120 517 plurium

183 536 351 566 veterum
376 525 729 567 Grammaticorum,
756 536 778 562 e
806 521 942 576 quibus
965 521 1154 572 Antyllus,
1177 520 1373 573 Asclepius
1397 530 1434 560 et
1449 520 1740 560 Phoebammon
1765 522 1805 560 in
1832 519 1966 560 iisdem
1992 523 2120 561 nomi-

182 591 329 630 nantur,
356 582 690 632 interpretationes,
718 578 853 618 deinde
878 592 897 618 a
920 577 1192 618 recentioribus
1208 577 1434 630 quibusdam
1451 579 1490 616 in
1517 591 1637 617 vnum
1655 590 1794 629 corpus
1816 576 2004 627 coneum,
2034 576 2118 626 effe.

181 639 225 678 In
245 637 373 678 eadem
390 636 564 677 sententia
585 636 635 675 est
655 635 876 688 Casazzbonus,
904 637 968 687 qui
987 647 1108 688 quum
1132 633 1176 673 ad
1194 636 1408 685 Diogenem
1426 636 1618 673 La'e'rtium
1637 637 1693 674 111.
1711 646 1776 684 47.
1799 647 1820 673 e
1837 633 1947 673 Suida
1973 633 2119 673 retulis-

181 694 244 744 set,
275 692 449 734 Sabinum
475 694 768 732 commentarios
792 693 830 730 in
845 690 1113 740 Thucydidem
1142 689 1303 736 edidisse,
1330 689 1442 739 addit,
1471 691 1507 729 se
1533 704 1613 729 non
1638 689 1817 736 dubitare,
1844 692 1937 743 quin
1956 688 2116 739 Scholia,

181 763 276 804 quae
301 749 418 789 hodie
441 749 593 796 exstant,
617 762 637 788 e
653 747 787 799 Sabini,
817 745 971 796 Antylli‚
1002 757 1039 786 et
1053 745 1374 786 Phoebammonis
1403 749 1684 786 commentariis
1706 747 1876 797 decerpta
1900 744 1979 785 sint.
2036 749 2118 785 Nec

181 808 372 847 immerito
387 804 446 859 his
470 804 617 845 additur
635 808 831 855 Euagoms,
861 806 968 842 cuius
986 802 1122 842 librum
1149 800 1229 856 Πεξὶ
1245 803 1311 843 τᾶν
1333 799 1438 854 wag&
1454 801 1639 854 Θευκυὲίὸῃ
1666 801 1872 856 ζητουμένων
1898 802 2004 842 κριτοὶ
2023 799 2115 854 λέξιν

180 871 366 904 memorat
381 862 509 901 Suidcn,
566 863 611 900 Et
625 874 647 900 e
663 860 828 913 plurium
847 858 1214 911 interpretationibus
1229 858 1382 898 consuta
1400 859 1471 899 effe
1498 857 1719 900 fidemfacit
1742 857 1832 899 liber
1849 859 2047 909 Cqffellanus,
2073 859 2116 901 in

179 932 262 973 quo
277 932 396 972 quum
413 920 579 970 primum
594 926 740 956 tantum
757 929 837 968 pars
855 929 1002 965 eorum,
1029 929 1125 969 quae
1146 918 1184 954 in
1202 914 1361 969 vulgatis
1377 915 1563 967 leguntur,
1588 915 1730 955 vetusta
1746 928 1861 954 manu
1880 915 2008 966 scripta
2027 912 2116 953 fuis-

114 992 116 994 ·
178 977 243 1026 set,
272 974 409 1015 deinde
426 974 520 1014 alius
536 974 646 1024 longe
671 973 858 1012 recentior
884 972 998 1011 multa
1021 972 1222 1022 addiderat,
1253 971 1354 1011 haud
1378 970 1493 1012 dubie
1510 970 1616 1024 quod
1632 985 1672 1012 ea
1690 974 1727 1010 in
1744 970 1821 1010 aliis
1838 969 2114 1021 exemplaribus

177 1032 308 1084 scripta
325 1034 525 1071 inuenerat.
585 1033 643 1069 De
660 1040 779 1082 aetate
799 1039 925 1068 autem
944 1040 1114 1068 veterum
1141 1028 1295 1067 illorum
1311 1031 1559 1080 Interpretum
1577 1028 1669 1067 nihil
1693 1030 1782 1076 certi
1805 1041 1824 1067 e
1843 1026 2000 1066 Sclioliis
2021 1039 2115 1065 con-

178 1089 277 1128 stitui
295 1088 424 1140 potest.
484 1086 674 1135 Sabinum,
705 1099 819 1140 quem
845 1089 889 1124 iis
915 1085 1132 1125 adnumerat
1147 1085 1363 1137 casaubonus,
1390 1085 1457 1124 sub
1475 1084 1666 1124 Hadriano
1684 1083 1849 1123 floruiffe
1873 1083 1963 1122 dicit
1981 1083 2113 1122 Suidar'.

176 1144 316 1195 Antylli.
333 1153 369 1183 et
386 1142 545 1195 Asclepii
568 1144 741 1182 meminit
767 1145 805 1181 in
823 1145 906 1181 Vita
926 1141 1164 1192 Thucydidis
1189 1143 1403 1188 Marcellinus,
1435 1155 1550 1195 quem
1575 1139 1621 1180 ad
1637 1139 1906 1189 Valentiniani,
1938 1138 2112 1184 Valentis,

165 1211 212 1241 vet
241 1202 406 1242 Gratiani
430 1209 599 1251 tempora
624 1196 738 1238 refert
765 1198 898 1249 Voffius
922 1199 965 1236 Π.
993 1198 1039 1237 de
1067 1198 1204 1237 Histor.
1233 1199 1364 1237 Graec.
1395 1205 1456 1245 18.
1523 1195 1878 1236 Phoebammonem
1905 1194 2112 1235 Rhetorem

174 1256 367 1311 aequalem
391 1253 496 1295 fuisse
515 1253 682 1308 Synefio,
709 1255 747 1294 id
761 1255 819 1294 est
848 1253 1014 1293 Arcadio
1032 1257 1237 1305 imperante
1263 1252 1402 1300 vixisse,
1421 1257 1463 1292 V.
1484 1251 1659 1292 Biblioth.
1680 1255 1809 1293 Graec.
1833 1264 1896 1303 31,
1920 1253 1981 1301 16,
1999 1248 2036 1302 9ss
2053 1251 2113 1289 su-

175 1314 331 1366 spicatur
347 1312 523 1351 Fabricius.
581 1315 629 1360 Is,
652 1314 717 1364 qui
733 1311 777 1350 ad
795 1309 972 1360 Thucyd.
994 1311 1017 1357 1,
1047 1323 1136 1361 132.
1160 1307 1296 1358 scribit,
1323 1311 1463 1361 Regem
1482 1311 1746 1348 Romanorum
1764 1308 1952 1360 tripodem
1970 1321 1990 1347 e
2009 1320 2111 1359 prae-

175 1369 221 1409 da
236 1369 370 1409 Perfica
385 1367 556 1420 Apollini
572 1367 703 1417 Pythio
726 1381 745 1407 a
760 1366 933 1406 Pausania
958 1365 1170 1406 dedicatum
1195 1368 1366 1418 Byzantii
1391 1368 1431 1404 in
1451 1367 1565 1405 Circo
1592 1364 1764 1417 posuisse,
1789 1378 1869 1403 non
1894 1373 1978 1404 ante
2001 1365 2111 1404 Con-

156 1426 376 1466 «stan-tinum
400 1428 454 1464 M.
481 1427 605 1463 viuere
630 1426 767 1476 potuit,
795 1432 835 1462 vt
859 1422 1001 1463 constat
1023 1436 1072 1462 ex
1093 1425 1152 1471 iis,
1186 1435 1282 1476 quae
1307 1420 1352 1461 ad
1370 1420 1515 1463 Callim.
1531 1425 1676 1471 Hymn.
1695 1423 1735 1460 in
1752 1420 1893 1461 Delum
1917 1433 1999 1472 pag.
2018 1431 2112 1470 391.

174 1483 296 1522 scribit
313 1481 363 1521 lll.
385 1481 604 1532 Spanlzemius.
661 1483 742 1520 Nec
759 1479 906 1519 Iuliano
925 1480 1113 1533 antiquior
1128 1476 1213 1530 fuit,
1242 1481 1309 1532 qui
1323 1477 1367 1518 ad
1383 1481 1442 1528 111,
1466 1491 1527 1530 37,
1573 1479 1804 1529 Gregorium
1826 1478 2110 1517 Nazianzenum

173 1538 310 1587 laudat,
340 1536 444 1592 quod
463 1547 499 1577 et
511 1535 763 1578 Christianum
782 1534 889 1576 fuiffe
904 1535 1048 1575 indicio
1065 1535 1127 1585 est,
1147 1544 1187 1574 vt
1205 1534 1303 1574 recle
1319 1533 1374 1574 Cl.
1393 1535 1577 1575 Fabricium
1606 1533 1936 1589 quemadmodum
1953 1541 1990 1572 et
2006 1545 2109 1578 eum,

175 1598 241 1648 qui
258 1592 388 1634 audior
413 1593 465 1633 est
481 1593 619 1632 Scholii
635 1592 680 1632 ad
696 1596 752 1641 III,
781 1600 843 1644 38.
871 1607 904 1631 v.
933 1605 997 1643 79.
1021 1594 1098 1645 qui,
1128 1591 1236 1645 quod
1262 1589 1543 1631 ibiobseruauit
1559 1590 1615 1632 Cl.
1639 1591 1763 1642 IVaffe,
1792 1588 1838 1629 ad
1858 1587 1965 1629 verba
1982 1591 2110 1629 Lucae

174 1651 302 1692 Actor.
318 1653 428 1700 XVII,
448 1663 509 1689 21.
529 1650 695 1701 respexit.
752 1653 791 1688 Iu
809 1648 967 1688 Scholiis
986 1650 1067 1688 Coti.
1093 1649 1269 1703 Bastleenfis
1290 1657 1416 1687 autem
1438 1647 1482 1686 ad
1503 1659 1582 1699 pag.
1604 1652 1696 1696 286.
1724 1645 1791 1694 [ad
1806 1649 1865 1685 IV.
1886 1653 1910 1694 8
1917 1645 1951 1697 3‘.
1975 1647 2015 1684 in
2029 1643 2109 1684 Ad.
2164 1665 2166 1673 ι

175 1716 269 1747 nott.
293 1710 343 1745 T.
365 1707 408 1743 11.
433 1719 468 1758 p.
487 1707 579 1757 566.
604 1705 676 1746 col.
698 1709 757 1755 2.]
780 1708 892 1745 etiam
917 1704 1109 1746 Belisarius
1133 1704 1313 1751 laudatur,
1341 1718 1457 1759 quem
1481 1703 1687 1744 Iustiniano
1709 1705 1918 1756 imperante
1943 1700 2108 1746 floruifl'e

174 1777 291 1805 nemo
308 1765 464 1814 ignorat.

275 1823 330 1858 Ex
347 1818 402 1857 his
420 1817 580 1858 Scholiis
598 1817 713 1858 multa
742 1815 921 1871 αὐτολεξεὶ
946 1817 1122 1870 leguntur
1139 1820 1177 1857 in
1195 1819 1341 1858 Lexico
1368 1816 1513 1865 Suidae‚
1545 1830 1644 1870 quae
1655 1816 1840 1869 Stephanus,
1866 1816 2040 1869 Reinqfius‚
2070 1822 2110 1856 et
2164 1831 2166 1835 ⁴

174 1875 291 1916 Doffi
308 1874 423 1926 vulgo
441 1875 591 1914 Suidam
606 1875 693 1914 inde
709 1872 938 1926 descripsisse,
968 1870 1007 1913 vt
1023 1874 1089 1917 alia
1113 1888 1161 1914 ex
1175 1874 1459 1927 Aristophanis,
1475 1873 1679 1926 Sophoclis
1696 1874 1743 1913 et
1755 1872 1915 1912 aliorum
1935 1869 2110 1916 Scholiis,
2164 1898 2166 1922 ,

172 1933 398 1972 existimant.
457 1933 537 1981 Qui
552 1929 821 1984 quaesiuerunt,
839 1940 964 1970 vtrum
979 1930 1107 1970 Suidas
1124 1931 1184 1970 sua
1201 1945 1249 1970 ex
1265 1925 1869 1983 InterpretibusAristophanisssan
1885 1926 1937 1967 illi
1955 1940 1976 1967 e
1993 1925 2108 1969 Suida
2164 1932 2166 1972 i

173 1991 395 2040 acceperint,
420 1987 520 2026 idem
545 1987 591 2026 de
609 1986 871 2039 Interpretibus
887 1986 1124 2038 Thucydidis
1150 1987 1290 2039 poffint
1314 2000 1500 2042 quaerere.
1559 1986 1709 2026 Suidam
1737 1984 1896 2037 plurima
1916 1997 1938 2023 e
1955 1982 2114 2027 vetustis

174 2044 332 2084 Scholiis
349 2042 606 2095 Aristophanis
633 2046 672 2082 in
688 2046 858 2084 Lexicon
879 2043 989 2083 suum
1013 2043 1210 2084 contulisse
1236 2043 1332 2084 bene
1357 2041 1522 2084 ostendit
1543 2044 1583 2082 in
1600 2040 1827 2096 praefatione
1846 2039 1979 2089 Suidae
1993 2036 2108 2093 Kust'e'-

173 2116 238 2152 rus,
267 2110 304 2141 et
320 2099 378 2139 vel
395 2112 491 2139 vnus
508 2099 616 2139 locus
634 2101 670 2138 in
691 2101 842 2149 μακκοᾷ
855 2099 900 2139 ab
924 2113 972 2139 eo
993 2113 1071 2139 non
1088 2099 1365 2140 animaduersus
1385 2109 1486 2139 extra
1502 2096 1796 2139 controuersiam
1814 2095 1962 2149 ponit-'⁸
1990 2098 2030 2134 In
2054 2107 2106 2136 eo

174 2160 222 2197 ita
242 2157 419 2208 scriptum
436 2156 505 2194 est:
537 2157 712 2205 Μακκοᾲἶ.
743 2154 929 2200 &vom-otim.
947 2155 1018 2197 ἐνεόν
1035 2156 1115 2201 {cf-‘au
1144 2153 1270 2206 ’ἔφαμεν
1286 2153 1333 2206 δὲ,
1351 2152 1404 2197 ἔτι
1421 2151 1566 2196 Mazuca*
1586 2151 1656 2196 ἒνεοὶ
1670 2152 1712 2200 ἢν.
1740 2150 1971 2206 Ἀξιφοφσίνης.
1998 2149 2110 2200 Haec·

137 2248 143 2250 a
173 2216 212 2254 in
229 2212 430 2253 Scholiaste
444 2210 699 2262 Aristophanis
725 2210 769 2250 ad
794 2213 916 2263 Equit.
934 2225 966 2249 v.
989 2225 1076 2263 395.
1094 2211 1164 2263 legi
1191 2213 1435 2252 obseruarunt
1459 2213 1578 2251 Portus
1601 2221 1638 2250 et
1653 2213 1704 2250 Ku
1733 2226 1815 2253 erus.
1873 2208 1945 2247 Sed
1971 2217 2104 2248 neuter

176 2283 311 2310 eorum
332 2268 435 2313 vidit,
462 2266 570 2307 verba
587 2266 656 2315 illa,
678 2262 805 2316 ’ἔφαμεν
829 2264 873 2307 δὲ,
902 2267 1098 2307 manifesto
1122 2268 1264 2308 indicio
1288 2268 1373 2318 ess‘e,
1395 2267 1548 2307 Suidam
1566 2269 1656 2317 haec
1672 2281 1720 2307 ex
1735 2271 1936 2315 interprete
1952 2262 2105 2318 Aristo-

175 2325 334 2378 phanis‚'
350 2337 429 2364 non
445 2323 548 2362 hunc
565 2336 584 2362 e
601 2322 711 2362 Suida
728 2320 953 2373 dei'cripfiffe-
1015 2327 1112 2363 Nam
1131 2325 1240 2378 quod
1265 2326 1448 2376 interpres
1465 2321 1564 2364 redte
1581 2323 1670 2363 dicit
1682 2320 1808 2374 ’ἔφαμεν
1821 2317 1869 2364 δὲ,
1902 2322 1990 2374 quia
2007 2314 2103 2373 scili-

177 2392 238 2422 cet
256 2382 331 2421 hoc
349 2389 433 2420 ante
453 2380 498 2419 ad
518 2394 550 2418 v.
570 2380 634 2418 62‘.
654 2378 848 2429 scripserat,
877 2379 915 2417 id
935 2379 1063 2419 Suidas
1083 2394 1206 2434 neque
1222 2395 1268 2421 ex
1287 2382 1349 2421 sua
1366 2379 1520 2432 persona
1537 2380 1673 2430 dicere,
1702 2391 1826 2432 neque
1841 2376 1888 2416 de
1904 2389 1966 2426 eo,
1992 2375 2101 2430 quod

177 2437 310 2477 deinde
335 2450 381 2476 ex
407 2435 543 2476 eodem
563 2433 760 2474 Scholiasta
783 2434 983 2485 scripturus
1002 2445 1088 2485 erat,
1125 2433 1368 2478 Μακκῶἑνεὲν
1391 2435 1509 2485 fuine,
1531 2435 1657 2486 ἔφαμεν
1672 2434 1826 2476 scribere
1839 2431 1939 2473 reste
1962 2434 2100 2485 potuit.

177 2495 219 2534 In
237 2506 315 2546 quo
338 2495 448 2531 etiam
470 2489 820 2531 animad'uertendus
837 2491 887 2529 est
910 2490 1002 2531 leuis
1026 2505 1128 2531 error
1146 2494 1282 2541 Kulieri,
1305 2496 1383 2546 qui,
1407 2506 1528 2546 quum
1549 2503 1634 2532 ante
1650 2493 1800 2542 μακκοᾷ
1817 2502 1895 2529 non
1913 2491 2101 2528 inueniret

179 2548 294 2590 alium
319 2548 448 2588 locum
467 2548 611 2599 suidae,
641 2545 703 2587 vbi
718 2547 792 2586 hoc
808 2545 953 2587 diuum
979 2557 1067 2600 erat,
1090 2547 1254 2600 negled³ffi
1270 2552 1575 2603 interpretatione
1589 2551 1700 2601 Porti,
1717 2550 1856 2588 diximus
1870 2549 1964 2595 enim,
1989 2547 2102 2587 vertit
2155 2539 2156 2546 ¹
