2166 2777
434 124 724 183 HENnicI
757 130 1107 178 STEPHANI
1137 129 1553 177 PRAEFATIO.
1861 147 1986 181 xm

34 246 216 292 adiiciam.
255 250 316 288 Sic
333 249 444 299 igitur
465 243 624 284 habeto:
655 257 776 298 quum
797 255 903 283 meus
921 241 980 282 ille
997 250 1106 282 vetus
1123 239 1226 281 labor
1246 250 1317 280 tres
1335 239 1476 280 diuisus
1494 241 1532 289 in
1549 247 1667 292 partes
1683 236 1817 292 fuisset?
1834 254 1983 284 nouum

37 321 117 347 non
134 306 256 346 solum
275 307 313 343 in
331 303 492 342 totidem
516 298 686 350 diuififl'e,
709 300 771 340 sed
795 300 903 339 aliam
936 298 1085 350 insuper
1109 300 1304 338 materiam
1329 296 1415 337 illia
1441 310 1504 337 me
1531 296 1654 336 datam
1675 296 1756 336 ess'e.
1816 301 1984 340 Primum

37 367 154 413 enim,
178 375 255 406 uon
272 359 390 399 solum
407 372 523 413 quem
541 367 678 397 vocant
694 366 852 408 textum,
881 355 944 395 sed
963 354 1034 408 ipsa
1052 357 1166 395 etIam
1193 354 1332 394 scholia
1348 357 1464 405 magis
1483 363 1652 394 accurate
1669 355 1861 393 emendata
1883 370 1984 397 nunc

37 418 159 461 edidi:
187 416 287 468 et—ad
304 414 427 455 Vallae
445 415 788 466 interpretationem
806 412 911 466 quod
928 415 1070 463 attinet,
1101 413 1277 466 quamuis
1300 413 1374 450 iam
1401 421 1504 450 antea
1524 413 1563 450 in
1583 409 1677 450 locis
1695 410 1982 463 quamplurimis

38 476 83 516 ab
99 488 146 514 eo
164 472 257 513 male
276 472 428 512 redditis
447 484 581 516 meam,
607 472 765 521 margini
793 469 1028 521 adscriptam,
1057 467 1106 508 illi
1124 467 1228 508 velut
1251 463 1523 520 opposuiffem:
1551 480 1652 506 nunc
1670 476 1794 506 tamen
1816 470 1855 507 in
1872 469 1984 521 pluri-

36 530 107 572 b'us
132 529 233 570 idem
261 529 429 581 praestiti.
487 526 636 567 Deinde
662 539 806 566 nouam
836 525 1041 566 laboriosae
1063 538 1169 565 meae
1188 524 1407 576 diligentiae
1434 525 1629 564 materiam
1649 536 1881 576 proponens,
1904 539 1984 567 non

35 587 162 629 solum
187 586 607 626 ANNOTATIONES
631 586 668 622 in
687 583 954 633 Thucydidem
980 592 1017 622 et
1034 580 1206 622 adiund‘ca
1227 581 1279 620 illi
1295 580 1432 621 scholia
1455 584 1508 630 (in
1529 582 1694 632 primum
1711 581 1865 634 quidem
1886 595 1984 623 certe

28 647 79 684 ‘ac
103 641 315 684 secundum
340 641 502 696 librum)
526 638 658 692 scripsi,
688 639 751 679 sed
775 641 887 680 etiam
909 639 1337 679 PROPARASCEVEN
1363 637 1408 677 ad
1431 637 1583 677 illorum
1602 636 1834 677 scholiorum
1855 638 1986 679 1ςεῖὶο-

37 713 127 741 nem
150 699 256 739 dedi:
284 708 324 738 vt
349 698 487 752 quibus
512 697 633 737 aditus
656 695 702 735 ad
719 707 772 742 ea,
803 705 956 748 propter
979 693 1234 735 scholicarum
1256 691 1493 748 quarundam
1513 691 1763 733 formularum
1781 697 1986 745 ignoratio-

9 781 15 786 ·
36 769 135 807 nem,
161 769 242 796 non
267 754 423 808 patebat,
461 767 551 794 eum
574 750 833 806 patefacerem.
892 752 982 791 Ideo
1010 762 1137 791 autem
1162 751 1315 791 vlterius
1340 752 1624 791 Annotationes
1649 763 1753 790 meae
1779 753 1985 802 progressae

36 826 119 854 non
141 812 239 864 sunt,
267 811 385 866 quod,
415 824 483 852 eas
499 810 592 850 dum
615 808 825 851 scriberem,
857 808 990 848 litteras
1008 818 1083 848 tam
1099 822 1146 848 ex
1169 806 1288 848 Gallia
1313 821 1426 862 quam
1453 821 1502 848 ex
1523 807 1723 847 Germania
1747 807 1886 848 eodem
1910 807 1986 850 fere

34 879 210 922 tempore
225 871 445 922 acceperim,
475 866 614 922 quibus
630 866 676 906 de
696 864 890 923 nonnullis
907 867 947 905 in
963 864 1238 916 Thucydidem
1253 864 1386 917 pariter
1403 873 1439 903 et
1456 867 1494 903 in
1510 866 1590 904 eius
1608 863 1839 904 scholiastem
1857 879 1986 906 enien-

35 925 265 975 dationibus,
294 936 331 965 et
347 925 502 979 quidem
519 926 632 964 etiam
648 923 693 963 de
709 921 936 977 quibusdam
951 922 996 962 ad
1015 921 1129 961 huius
1146 921 1284 961 scholia
1302 920 1574 960 acceffionibus
1589 920 1669 973 spes
1689 913 1819 961 fiebat.>
1852 913 1985 963 iustam

35 985 141 1024 enim
165 981 260 1023 mihi
288 982 385 1022 visus
415 981 499 1021 sum
524 980 659 1020 habere
690 979 918 1019 differendae
951 977 1114 1031 reliquae
1142 991 1249 1018 meae
1273 977 1486 1030 scriptionis
1513 980 1719 1017 rationem:
1775 978 1985 1030 praesertim

36 1038 171 1094 quum,
203 1048 399 1093 vtcunque
420 1037 456 1077 se
480 1051 537 1078 res
562 1036 725 1085 haberet,
754 1035 840 1075 alias
864 1038 1142 1085 annotationes,
1172 1037 1211 1074 in
1238 1033 1377 1088 quibus
1394 1033 1441 1073 de
1461 1033 1720 1073 difficiliorum
1739 1032 1913 1075 locorum
1930 1040 1987 1076 in-

33 1097 302 1148 terpretatione
320 1104 503 1146 ageretur,
531 1092 715 1146 fimulque
736 1092 848 1132 libelli
867 1090 1036 1141 Dionysii
1056 1089 1315 1132 Halicarnass‘ei
1339 1090 1385 1130 de
1402 1090 1641 1141 Thucydidis
1659 1090 1850 1131 idiomatis
1869 1106 1986 1145 expo-

0 1154 2 1159 ’
34 1151 210 1193 {itionem
233 1154 366 1204 pariter
388 1161 426 1191 et
447 1150 795 1203 locupletationem,
825 1149 950 1201 postea
967 1149 1052 1188 dare
1079 1151 1296 1200 cogitarem.
1355 1148 1414 1187 Ac
1436 1157 1471 1188 te
1495 1161 1542 1187 ne
1569 1146 1646 1187 hoc
1671 1148 1826 1201 quidem
1843 1148 1987 1197 celabo,

5 1257 8 1259 ¹
36 1209 206 1249 additum
225 1211 265 1249 in
281 1208 407 1248 litteris
424 1207 577 1248 Gallicis
595 1205 713 1253 fuisse,
741 1219 820 1246 vno
841 1207 1057 1258 eodemque
1077 1205 1223 1244 vetusto
1240 1203 1439 1243 volumine
1464 1217 1543 1243 non
1563 1203 1833 1254 Thucydidem
1850 1205 1987 1254 solum,

36 1265 100 1306 sed
117 1265 361 1306 Herodotum
379 1277 536 1318 quoque
554 1265 757 1302 contineri:
792 1273 887 1315 quae
903 1261 1012 1301 altera
1029 1261 1109 1314 spes
1126 1261 1172 1302 de
1194 1259 1434 1302 acceleranda
1452 1262 1534 1302 eius
1551 1260 1671 1302 statim
1688 1261 1772 1314 post
1789 1260 1984 1314 Thucydi-

38 1322 148 1364 deam
164 1321 332 1363 editione
348 1330 493 1363 mutare
506 1320 728 1360 sententiam
745 1321 881 1370 coegit

25 2624 28 2626 v
90 2629 261 2658 Tou-11.
1898 2626 1920 2659 [L
