2166 2777
114 42 274 110 *wa
582 42 873 102 HENRICI
910 34 1260 99 STEPHANI
1290 38 1702 96 PRAEFATIO.

164 184 290 215 errore
314 167 471 210 constat:
501 164 778 219 negligentiam,
806 175 928 217 quum
951 161 1060 203 locos
1086 159 1232 212 similes,
1260 170 1298 202 et
1318 160 1508 202 interdum
1527 159 1636 213 plane
1660 158 1826 204 eosdem,
1849 164 1927 200 vno
1945 148 1985 200 in
2001 148 2101 200 libro
2148 203 2150 209 ,

163 228 276 274 rec'te,
309 230 348 266 in
366 225 480 266 altero
498 223 652 276 peffime
671 224 941 273 interpretatur.
958 240 963 244 ·
998 218 1126 258 Miror
1141 220 1266 269 etiam,
1283 215 1350 272 qui
1368 217 1449 257 fieri
1467 219 1644 270 potuerit,
1670 225 1711 256 vt
1727 219 1792 271 qui
1809 215 1856 256 de
1864 218 2017 261 Latinae
2033 214 2103 255 lin·
2148 228 2150 230 ·

161 299 258 339 guae
274 283 463 335 elegantiis
476 279 664 332 scripserit,
691 286 768 317 tam
782 275 983 327 ineleganti
1001 274 1225 328 plerumque
1244 280 1310 323 (ne
1325 273 1417 328 quid
1431 274 1583 325 grauius
1599 274 1738 320 dicam)
1753 272 1926 312 sermone
1942 267 2026 311 vsus
2041 269 2100 311 fit:

163 355 207 384 ac
232 339 441 394 praesertim
466 335 669 391 quomodo
691 343 909 386 temporum
935 331 1044 372 vsum
1065 340 1142 371 tam
1161 329 1351 383 pueriliter
1374 330 1503 369 multis
1527 332 1568 369 in
1591 329 1686 369 locis
1711 327 1936 369 confuderit.
1990 326 2103 368 Adeo

163 399 334 454 quidem,
351 408 391 435 vt
408 397 473 434 vix
487 392 622 434 adduci
639 392 841 443 potuerim,
865 398 904 429 vt
920 388 1018 428 hanc
1035 389 1380 440 interpretationem
1397 384 1443 426 ab
1462 400 1510 426 eo
1528 386 1610 439 post
1625 385 1772 439 scrIptas
1787 388 1940 426 Latinae
1955 383 2103 435 linguae

155 455 361 506 'elegantias
378 451 516 492 editam
543 446 649 492 fuisse
669 446 875 486 crederem.
934 445 1006 485 Sed
1021 443 1092 483 hac
1111 445 1158 484 de
1174 457 1213 483 re
1237 443 1400 483 aliorum
1424 443 1502 483 esto
1526 443 1729 482 iudicium:
1755 455 1846 482 eum
1871 450 1971 482 certe
1987 439 2103 480 malae

161 515 204 553 in
221 506 497 562 interpretando
517 505 605 544 fidei
631 513 756 556 aperte
781 504 1023 543 conuincunt
1040 513 1145 541 meae
1167 500 1323 539 infinitis
1339 499 1679 552 propemodum'i'n
1697 498 1791 538 locis
1807 497 2104 543 emendationes,

164 569 323 619 margini
337 561 541 617 appofitae:
573 575 615 601 ac
637 559 876 613 potiffimum
900 560 939 598 in
958 556 1225 607 concionibu5‚
1250 569 1345 610 quae
1367 569 1447 609 quo
1464 552 1696 594 difficiliores
1713 554 1860 608 reliquo
1876 552 1961 593 sunt
1977 565 2104 605 opere,

164 639 214 665 eo
234 625 349 674 magis
366 635 385 661 a
403 634 465 661 me
482 621 521 658 in
543 631 668 658 earum
690 615 923 656 elaboratum
937 614 990 654 est
1008 615 1286 664 recognitione:
1315 625 1356 651 ac
1379 614 1503 664 primo
1529 620 1627 650 certe
1645 623 1728 650 eam
1751 611 1868 650 solam
1891 605 2129 661 interpretii-0

164 682 282 721 tionis
301 670 447 731 parteni
461 675 688 723 institueram
704 671 985 723 recognoscere.
1042 669 1235 710 Hae‘lenus
1259 668 1307 708 de
1324 671 1462 708 Latino
1479 670 1688 720 interprete.
1747 666 1853 718 Quid
1876 675 2003 706 autem
2017 663 2106 705 Gal*-

166 738 262 778 licus
280 735 339 775 ille
357 733 466 774 nobis
484 728 625 772 attulit?
654 729 783 769 Risum
809 729 1080 780 saepenumero
1099 728 1321 766 maximum.
1368 726 1499 782 'Atqui
1518 724 1556 764 se
1579 724 1744 763 Lascarin
1762 722 1985 774 consuluisse
2002 721 2105 761 dicit.

168 796 259 834 Eius
276 795 379 832 enim
399 790 489 829 haec
508 787 616 828 verba
633 786 728 834 sunt,
757 784 804 825 de
822 784 973 825 Gallicis
992 785 1121 824 Latina
1139 780 1250 822 fadia:
1278 783 1384 834 Quum
1401 781 1567 834 historiam
1580 782 1856 833 hanc‘percmjrere
1872 779 2041 833 coepiffim‚
2058 785 2108 816 tot
2156 773 2166 832 ξ

169 852 248 890 milui
266 864 315 888 res
330 847 479 886 intelleffir
505 844 640 899 difficiles
658 845 689 880 in
705 843 775 895 ipso
801 841 905 880 limine
921 847 1123 879 occurrerunt
1141 842 1189 889 (et
1203 840 1328 892 quidem
1340 841 1378 877 in
1393 838 1592 877 concionibus
1606 837 1814 889 pottffimum,
1828 850 1934 889 quae,
1959 835 2109 875 Cicerone
2160 832 2166 883 ξ

169 908 262 960 ἰςβε,
279 905 406 958 semper
429 918 449 941 a
465 901 646 952 dofflffimis
670 902 762 937 etiam
787 897 1019 951 obscurffmoe
1032 897 1113 950 sunt
1136 895 1288 946 habitae),
1314 902 1348 933 vt
1371 896 1435 933 iam
1462 894 1504 933 ab
1528 896 1651 945 incepto
1673 894 1903 946 propemodum
1928 892 2109 930 deterrerer.
2160 891 2166 930 3

169 961 363 1015 Praesertim
387 974 459 998 vero
482 959 571 1011 quod
589 958 706 995 Latina
722 956 891 994 Lam-emit·
911 956 953 994 V
948 954 1267 1004 allae‘interpretatio
1286 951 1484 1005 perobscura
1506 951 1582 989 mihi
1606 950 1660 1001 ff
1684 951 1852 988 videretur.
1911 949 1962 987 Ac
1988 949 2111 998 incepto
2158 936 2166 962 ⁷

169 1019 340 1072 dqftitiffim
353 1015 515 1068 profesto,
532 1013 588 1068 nist
603 1014 700 1051 Ianus
710 1012 874 1064 Lascaris,
904 1012 983 1049 hunc
998 1008 1363 1061 atisioremfitmmopere
1380 1009 1456 1046 miln'
1462 1006 1684 1059 praedicando
1695 1007 1850 1058 suamque
1866 1019 1994 1057 operam
2012 1007 2044 1042 in
2059 1018 2119 1053 ⁴re·¹
2159 998 2166 1058 ξ

171 1074 388 1128 cognoscenda
403 1073 457 1110 illa
470 1071 726 1122 interpretatione
734 1067 924 1121 pollicendo,
951 1081 996 1105 me
1013 1065 1230 1118 corfirmaffet.
1287 1067 1390 1104 Haec
1407 1062 1484 1103 ille:
1512 1076 1624 1116 quem
1643 1061 1689 1101 de
1706 1061 1880 1101 consulto
1898 1075 1916 1100 a
1935 1060 1969 1100 se
1985 1059 2112 1099 Lasca-
2160 1075 2166 1105 'j

172 1134 203 1171 ri
222 1137 316 1184 (quo
334 1142 382 1168 ne
392 1127 493 1167 Valla
513 1125 668 1180 quidem
689 1126 826 1165 certius
840 1123 956 1163 vllum
973 1121 1166 1163 oraculum
1185 1120 1381 1160 consulere
1400 1119 1591 1172 potuiffet)
1609 1131 1742 1158 verum
1762 1118 1897 1167 dicere,
1919 1115 2024 1156 facile
2042 1111 2114 1155 mi-
2160 1138 2166 1157 ›

172 1189 209 1226 hi
234 1184 453 1239 persuadeo:
480 1183 541 1221 sed
560 1183 689 1233 paucis
706 1189 852 1220 tantum
877 1182 914 1218 in
934 1179 1028 1218 locis
1042 1175 1253 1217 adhibitum
1273 1175 1380 1215 fuisse
1398 1179 1437 1215 in
1453 1174 1651 1215 confilium
1676 1177 1889 1227 comperio:
1920 1175 1959 1212 in
1976 1171 2115 1228 quibus
2160 1169 2166 1246 ξ

172 1245 373 1290 ῐιὶιῃίηηῃ,ι
389 1253 511 1294 quum
527 1237 651 1277 Vallae
680 1246 844 1276 mentem
870 1233 934 1274 fibi
956 1234 1093 1288 assequi
1118 1246 1197 1272 non
1221 1231 1421 1281 videretur,
1447 1244 1494 1271 ex
1513 1231 1673 1270 Lascaris
1688 1243 1755 1270 ore
1772 1239 1971 1281 exceptam
1985 1228 2115 1268 'multo
2136 1267 2143 1270 a

163 1299 371 1342 ‘meliorem
385 1296 730 1348 interpretationem
746 1292 926 1346 sequutus
943 1289 1063 1330 fuerit.
1097 1292 1195 1328 Nam
1212 1288 1341 1340 passim
1356 1287 1443 1327 alibi
1462 1297 1608 1327 tantum
1627 1285 1738 1336 abest,
1755 1295 1796 1325 vt
1812 1286 2008 1326 meliorem
2026 1286 2116 1325 afle-

172 1367 237 1402 rat,
267 1365 306 1393 vt
323 1353 449 1394 multis
469 1355 506 1390 in
522 1351 627 1400 locis,
657 1351 695 1388 in
712 1347 853 1403 quibus
866 1346 991 1386 Vallae
1014 1347 1267 1398 interpretatio
1291 1343 1413 1384 stadiis
1433 1352 1582 1383 tantum
1601 1345 1729 1395 paucis
1743 1355 1764 1382 a
1782 1341 2020 1392 Thucydidis
2036 1341 2116 1380 sen-

146 1421 150 1423 '
174 1413 215 1454 su
234 1411 423 1459 aberrarat,
445 1409 505 1447 hic
530 1406 658 1446 multis
675 1404 879 1458 parasangis
895 1403 940 1443 ab
957 1401 1097 1443 eodem
1113 1400 1346 1440 aberrauerit.
1405 1399 1566 1439 incausa
1584 1399 1636 1438 est
1652 1407 1790 1448 autem,
1818 1397 1937 1453 quod,
1959 1407 1999 1437 vt
2015 1395 2117 1436 Valla

166 1465 400 1522 'plerumque
417 1465 590 1503 diuinum
611 1465 739 1514 potius
764 1473 879 1515 quam
902 1462 1142 1511 interpretem
1154 1455 1397 1507 Thucydidis
1422 1465 1559 1507 egerat,
1587 1457 1635 1495 ita
1657 1455 1721 1502 hic
1739 1454 1943 1507 Episcopus
1959 1453 2119 1493 viciffim

175 1528 211 1563 V
214 1524 301 1565 allae
320 1522 465 1562 sensum
485 1518 675 1559 diuinabat
690 1520 833 1571 potius,
847 1529 961 1571 quam
979 1512 1294 1567 interpretabatur.
1325 1516 1407 1553 Nec
1427 1525 1519 1552 vero
1537 1514 1662 1551 minus
1680 1509 1809 1551 infelix
1827 1513 1926 1560 (imo
1940 1510 2048 1562 >saepe
2062 1512 2118 1549 in-

168 1581 334 1627 ·felicior)
353 1578 451 1618 illius
467 1579 562 1616 circa
580 1577 722 1625 Latina,
753 1587 868 1628 quam
885 1572 999 1612 huius
1017 1571 1113 1611 circa
1124 1573 1276 1614 Graeca,
1294 1579 1370 1609 erat
1387 1568 1582 1608 diuinatio.
1640 1569 1768 1621 Atque
1784 1577 1823 1606 vt
1838 1573 2035 1618 ex‘rnagna
2051 1579 2122 1606 ex-

166 1637 393 1689 emplorum
416 1633 521 1672 turba
537 1645 657 1671 vnum
682 1630 853 1681 deligam,
882 1628 1178 1681 pulcherrimum
1204 1640 1252 1666 ex
1274 1625 1390 1666 Libro
1406 1628 1494 1665 V111.
1519 1624 1649 1664 locum
1673 1621 1875 1676 proferam,
1894 1637 1898 1640 ’
1917 1636 2000 1676 pag.
2024 1622 2118 1674 566.
2165 1634 2166 1650 ³

178 1693 294 1736 huius
313 1692 488 1732 editionis
506 1687 650 1737 [Duck.
668 1688 690 1726 s.
708 1687 797 1733 Vm,
824 1690 910 1739 96]
927 1699 974 1725 ex
1001 1697 1081 1739 quo
1097 1683 1148 1723 illi
1163 1681 1228 1735 ipfi
1244 1684 1367 1731 amici,
1396 1683 1462 1736 qui
1478 1680 1574 1721 hanc
1591 1683 1934 1733 interpretationem
1951 1677 2122 1727 laudibus

181 1749 281 1804 apud
299 1762 361 1787 me
377 1745 556 1787 extollere
570 1743 748 1794 solebant,
765 1753 950 1796 quantum
967 1741 1028 1780 sua
1044 1753 1111 1781 eos
1127 1741 1259 1792 opinio
1276 1736 1458 1788 fefellerit,
1477 1747 1698 1792 quantoque
1714 1737 1806 1776 mihi
1823 1735 2019 1776 credulitas
2037 1746 2120 1775 mea

182 1806 399 1853 eonstiterit,
424 1801 637 1855 intelligant.
698 1799 800 1839 Idem
817 1809 927 1845 certe,
952 1796 1057 1851 quod
1074 1795 1157 1845 illis,
1187 1795 1265 1835 aliis
1288 1794 1417 1835 multis
1441 1796 1612 1845 contigit,
1639 1795 1704 1848 qui
1719 1790 1874 1845 sparsam
1899 1791 1946 1832 de
1966 1789 2036 1831 ha'c
2059 1793 2120 1830 in-

184 1863 448 1916 terpretatione
471 1856 622 1907 famam,
656 1853 882 1903 ἇβασσινίεῖως
898 1862 955 1905 (vt
974 1853 1089 1893 nostri
1105 1851 1342 1902 Thucydidis
1365 1849 1486 1892 verbis
1511 1854 1604 1898 vtar)
1621 1849 1709 1903 παρ’
1732 1845 1902 1892 &nahmi
1917 1846 2095 1903 ιἔὸἔξειωτη.

697 1930 1613 2009 THVCYDIDES.

290 2063 398 2104 Ἀλλ’
420 2061 478 2101 οὐκ,
493 2059 520 2101 ἒν
536 2056 648 2108 τούτῳ
665 2055 750 2107 μένῳ
767 2055 1019 2104 Λακεὲαιιμένιοι
1034 2051 1223 2103 Ἀθηναίοις
1237 2052 1376 2095 πάντων
1392 2050 1432 2100 ,Σῖι
1451 2048 1720 2105 ξυμφοξῶτοιτοι
1737 2049 2028 2105 προσπολεμῖἳσοιι
2043 2046 2119 2098 {75-

172 2158 175 2160 .
192 2139 287 2165 ’ov-ro,
317 2114 428 2160 ἀλλὰ
442 2115 502 2157 καὶ
520 2116 546 2156 ἒν
567 2112 693 2155 ἄλλοις
710 2112 871 2154 πολλοῖς.
899 2109 1043 2162 ὃιοίφοξοι
1061 2111 1136 2164 γσὶς
1152 2110 1302 2156 πλεῗτον
1316 2106 1403 2153 ’ὄντες
1419 2107 1475 2149 τὶν
1493 2106 1632 2160 τρόπον,
1659 2105 1686 2148 οἷ
1701 2105 1772 2157 μὲν,
1793 2105 1887 2158 ὀξεῖς,
1914 2102 1943 2145 οἷ
1959 2101 2006 2150 δὲ,
2032 2107 2120 2153 Beot-

192 2176 266 2225 δεῖς,
297 2174 358 2215 καὶ
374 2172 401 2214 οἷ
417 2171 486 2221 μὲν,
512 2166 746 2222 ἒπιχειξηταὶ,
775 2165 802 2207 οἵ
818 2165 865 2216 δὲ,
892 2165 1054 2217 ἄτολμοι,
1080 2165 1204 2208 ἄλλως
1219 2183 1261 2206 τε
1275 2163 1336 2206 καὶ
1353 2165 1491 2215 rauna}
1508 2164 1618 2220 ἆξχῖἑ,
1648 2161 1796 2207 ramim
1810 2160 1969 2211 ὠφέλουν.
1999 2157 2122 2212 ’ἔδειξαν

192 2230 230 2274 δὲ
248 2230 276 2272 οἷ
293 2226 520 2284 Συςοικούσιοι·
548 2225 705 2276 μάλιεῖα.
725 2220 800 2276 γὲξ
818 2222 1025 2276 ὃμοιότξοποι
1041 2220 1210 2272 wiffam,
1242 2218 1358 2274 ἄξας-α.
1376 2217 1438 2262 καὶ
1455 2216 1774 2271 πςοσεπολὲμησαν.

590 2335 926 2377 VALLAE
982 2331 1725 2374 INTERPRETATIQ

293 2427 436 2465 Verum
453 2433 533 2461 non
550 2421 588 2459 in
606 2417 682 2458 hoc
704 2427 850 2457 tantum
874 2416 974 2457 bello
990 2416 1296 2465 Lacedaemonii,
1330 2414 1392 2454 sed
1409 2416 1447 2453 in
1462 2412 1541 2454 aliis
1557 2415 1668 2453 etiam
1687 2409 1828 2462 multis,
1858 2410 2037 2450 omnium
2052 2407 2127 2448 ho'-
2145 2444 2148 2445 γ

194 2483 305 2523 stium
322 2475 612 2521 Atheniensibus
635 2473 812 2514 vtiliffimi
836 2474 1024 2523 exstitere,
1041 2476 1106 2526 qui
1125 2472 1231 2527 quod
1253 2471 1461 2524 plurimum
1487 2473 1585 2510 inter
1599 2469 1636 2510 se
1653 2466 1825 2509 moribus
1849 2465 2058 2506 differentes
2075 2464 2129 2505 es·

191 2539 283 2586 sent,
306 2536 367 2576 alii
390 2535 552 2588 properi,
572 2531 635 2572 alii
660 2529 932 2584 cunctabundi,
958 2539 995 2570 et
1017 2529 1078 2570 alii
1092 2542 1206 2570 manu
1232 2529 1386 2581 promti,
1413 2526 1474 2567 alii
1493 2523 1745 2580 formidolosi,
1773 2525 1974 2578 praecipue
1998 2524 2038 2562 in
2060 2534 2128 2573 gu-
