2239 2818
236 115 296 147 550

235 199 265 221 et
279 185 492 231 διαφθείρειν,
515 197 640 228 quorum
653 188 710 219 hoc
724 186 906 229 consequens
918 189 1087 221 habendum
1102 191 1177 231 prio-

815 101 1586 141 ANNOTATIONES

1260 200 1289 223 2-
1311 191 1401 225 Ἀντὶ
1424 193 1479 225 τοῦ
1502 192 1580 236 ὑπὲρ
1602 192 1657 232 τ’ἧς
1680 190 1809 234 τροπῆς]
1839 190 1917 222 Vide
1934 191 2106 232 Stephanum
2132 192 2168 224 ad
2188 198 2190 201 “

236 232 283 283 ¹⁵5³<
329 232 422 278 ⁴Reite
450 231 653 270 interpretatur
675 227 713 270 ςδ
734 229 870 273 ἐξέωσαν
891 229 1067 278 Scholiastesf
1103 230 1179 275 πρὸς
1221 232 1300 264 hunc
1323 234 1420 263 locum
1441 232 1621 275 Thucydidis.
1665 234 1761 274 [Cod.
1785 232 1840 264 Bas.
1862 233 1939 276 ὑπὲρ
1962 234 2018 272 τῆς
2037 236 2168 279 τροπῆς·
2190 250 2191 254 ’

237 286 293 312 την
311 274 369 313 ’γῆν
388 271 510 306 ὀκεῖλαι
535 271 686 310 ἐποίησαν.
734 274 804 302 Νοη
825 273 926 303 itidem
950 274 1092 313 posterius
1117 284 1179 303 ver·
1222 274 1239 312 ἦ
1263 271 1410 317 σύνταξις
1432 275 1544 312 οὕτως·
1573 275 1615 312 ὦς
1635 274 1826 313 νενικηκότες
1851 273 1951 308 ἕνεκεν
1973 276 2170 320 &exferri-j<

236 317 308 345 'bum
327 314 533 357 διέφθειραν,
552 323 709 353 exponens
733 314 760 343 h.
775 325 814 344 m.
833 316 958 348 ὀκεῖλαι
978 314 1078 352 αὐτας
1100 315 1180 348 ἕποι’·
1226 318 1290 348 τῶν
1304 318 1376 349 νεῶν
1395 315 1432 353 οἳς
1445 313 1521 360 πρὸς
1541 318 1580 358 τῇ
1597 317 1638 361 ’γῇ
1653 316 1864 361 διέφθειραν]
1891 352 1894 354 ,

236 369 323 396 ησαν,
367 359 426 392 Ita,
455 362 473 385 l!
494 355 586 394 ipsum
605 355 771 391 audiamus,
799 354 963 397 synonyma
989 358 1076 395 plane
1098 364 1185 386 erunt

235 398 401 436 ὀκέλλειν,
423 396 638 439 ἐξωθεῖσθαι,
658 395 931 440 διαφθείρεσθαι,
953 400 1066 437 quoties
1083 399 1120 428 de
1137 409 1185 428 na-

238 441 324 470 vibus
341 437 517 477 vsurpantur.
562 439 726 469 Coniuncta
745 438 855 479 saepius
879 438 937 470 effe
958 448 988 470 et
1006 439 1035 470 se
1057 441 1185 469 inuicem

239 481 320 521 sequi
330 480 404 510 'naec
418 478 511 518 πάθη
526 489 586 510 non
601 479 744 510 diffiteor:
765 489 895 511 attamen
909 492 969 511 non
987 479 1051 511 sunt
1066 480 1188 511 confun-

239 522 349 553 denda.
391 521 489 552 Hostis
509 521 689 560 persequens
710 521 844 563 ἐξωθεῖ,
868 524 951 553 nauis
968 522 1095 555 ὀκέλλει
1115 533 1188 552 non-

240 573 393 603 nunquam
409 563 472 593 sme
485 563 591 602 infigni
602 563 728 600 damno,
755 574 820 594 cum
837 572 934 595 autem
952 563 1190 608 διαφθείρεται,

240 607 308 646 quis
326 615 386 635 uon
403 612 488 644 putet
506 604 708 647 ἑξοκείλασαν
723 606 906 645 naufragium
921 604 1036 641 feciffe,
1059 609 1105 635 vel
1127 603 1189 637 δια·

240 649 418 684 λυθεῖσαν,
441 647 487 675 vel
504 645 754 687 καταδυομένην,
780 648 829 677 vel
852 648 909 676 alio
928 647 1017 677 modo
1040 646 1190 676 affeStam?

240 690 321 721 Hinc
341 690 370 718 in
383 689 561 726 praeliorum
578 689 726 718 naualium
749 687 948 727 descriptione
967 688 1190 727 frequentiffimi

241 730 305 761 vsus
327 728 364 761 τὸ
382 727 590 773 διαφθείρειν.
632 729 736 759 Noster
757 730 834 759 haud
856 731 947 770 longe
968 729 1029 769 post
1050 740 1114 770 pag.
1133 729 1190 768 seq.

240 774 272 806 vi
291 771 323 805 δὲ
340 770 497 808 Ἀθηναῖοι
519 793 526 799 ·
546 793 555 801 2
577 793 584 800 .
606 767 667 807 τοῖς
686 771 804 804 ἑαυτῶν
822 771 920 809 (ναῦς)
939 770 1132 810 ἀφείλοντο,
1154 769 1192 808 321,-

241 815 350 848 ἐκεῖνοι
373 809 448 856 πρὸς
469 812 508 849 τῆ
529 813 570 855 ’γ”ᾔ
593 810 858 855 διαφθείραντες,
886 810 924 845 τὸ
946 814 1068 856 πρῶτον
1090 811 1190 851 α’νεδνί-

243 866 354 889 vav-m.
397 852 566 892 Interp'retes
583 853 681 882 Latini
695 855 807 894 vulgari
822 854 929 890 verbo,
951 863 1128 893 corrumpere
1145 854 1191 884 hic

241 905 380 932 Vtuntur,
401 891 562 923 Etrenckelio
581 896 677 934 potius
698 895 810 925 videtur
831 895 998 936 demergere,
1024 897 1069 926 cui
1089 903 1120 926 et
1136 905 1190 926 nos

247 938 468 977 adstipulamur⁷
490 937 659 966 vlteriorem
682 937 894 976 expositionem
915 938 1022 967 horum
1037 938 1084 967 alii
1105 947 1192 977 argu·

241 989 347 1011 mento
365 977 554 1012 reservantes,
578 987 644 1007 cum
663 979 710 1007 vix
728 979 881 1018 quicquam
897 978 1043 1009 sufficiens
1057 978 1191 1014 afferant,

244 1022 296 1062 'qui
312 1021 349 1050 de
361 1020 481 1050 Nautica
495 1029 528 1049 re
543 1028 676 1051 veterum
691 1029 722 1050 et
737 1021 836 1050 militia
856 1022 952 1050 nauali
966 1021 1192 1051 commentarios

244 1063 378 1094 edidere.
400 1064 538 1091 GRAMM.
578 1061 734 1096 Scholion,
768 1062 848 1101 quod
871 1063 950 1093 recle
972 1063 1123 1102 impugnat
1141 1063 1194 1092 Vir

245 1103 357 1136 Clariff-
374 1102 454 1132 abest
470 1112 486 1131 a
506 1100 573 1141 Caffi
618 1103 664 1133 Ad
680 1101 815 1145 ἐξέωσαν
830 1104 904 1134 haec
919 1113 1032 1134 tantum
1047 1105 1076 1134 in
1093 1113 1129 1134 eo
1149 1102 1195 1133 ad-

246 1153 404 1178 notantur,
425 1142 552 1177 ὀκεῖλαι
569 1141 722 1182 ἐποίησαν.

287 1188 325 1217 ib.
342 1185 525 1228 Ἔξέκλιναν
543 1186 598 1223 τ’ἧς
617 1185 815 1229 προκειμένης
836 1185 917 1226 ὃδοῧ]
948 1187 1002 1218 His
1022 1196 1083 1216 non
1107 1196 1198 1226 expo-

244 1231 327 1261 nitur
356 1228 393 1260 τὸ
424 1226 594 1271 ἐξένευσαν.
660 1227 806 1257 Videntur
841 1230 938 1268 potius
974 1230 1125 1269 pertinere
1160 1227 1198 1258 ad

248 1271 395 1314 ἐξέωσαν.

291 1321 342 1343 ¹11.
363 1312 393 1343 Τ
396 1307 474 1352 αύτῃ
495 1307 609 1350 οὕτως]
631 1310 664 1341 In
682 1309 748 1350 Caff.
765 1310 837 1342 nihil
853 1311 895 1342 est
911 1321 1031 1350 eorum,
1058 1321 1134 1352 quae
1152 1311 1198 1341 hic

250 1356 283 1386 'in
300 1353 372 1383 Edd.
390 1354 541 1392 leguntur.

291 1396 331 1425 ib.
350 1391 629 1436 ἜλλιμενίζουσαΓ
657 1392 739 1432 ἄλλη
755 1391 855 1438 dem),
889 1392 945 1433 τδ,
975 1394 1029 1427 καὶ
1051 1392 1198 1437 ι”σχυσ-αι]

251 1439 321 1471 Non
339 1437 430 1477 liquet
447 1436 515 1473 quid
535 1434 699 1475 lignificent
719 1435 793 1466 haec
807 1435 898 1466 verba
916 1436 997 1475 ἄλλη
1015 1435 1116 1481 α’ρχή’
1146 1436 1198 1466 nisi

248 1478 372 1511 fortaffis
394 1478 499 1507 volunt
518 1477 649 1506 indicare
670 1477 738 1507 hinc
758 1478 888 1508 inchoari
910 1480 1108 1508 narrationem
1131 1479 1198 1508 alte-

250 1522 312 1551 rius
333 1529 462 1560 pugnae.
510 1520 538 1549 A
560 1518 627 1556 Caff.
649 1517 752 1548 absunt
773 1519 822 1549 illa
846 1519 929 1558 ἄλλη
957 1517 1056 1564 ἀρχὴ,
1086 1518 1124 1552 τὸ
1146 1518 1200 1551 καὶ

249 1560 407 1604 ι’σχυσαι,
430 1568 460 1590 et
475 1556 605 1601 ἔχουσαι
617 1560 678 1597 τοὶς
690 1557 830 1604 πρώρας,
853 1570 907 1591 cer.
926 1561 1095 1591 referuntur
1109 1561 1144 1590 ad
1159 1559 1200 1590 se-

252 1612 395 1644 quentem
414 1611 521 1632 vocem
541 1600 742 1645 ἀντίπρωροι,
766 1602 801 1632 ad
825 1612 909 1642 quam
931 1613 1007 1642 quae
1023 1603 1200 1633 adnotantur

248 1647 282 1677 in
301 1644 372 1674 Edd.
387 1645 415 1674 in
431 1644 480 1673 illo
499 1642 568 1672 Cod.
584 1652 647 1672 non
663 1652 843 1683 comparent.

294 1689 324 1716 P.
339 1694 408 1727 397.
425 1695 450 1716 v.
469 1693 494 1716 1.
513 1684 554 1716 ‘H
570 1682 641 1729 περὶ
662 1682 717 1724 τὴν
739 1683 860 1718 ὁλκάδα
878 1683 1059 1725 καταδῦσα]
1088 1683 1201 1717 Desunt

257 1727 327 1767 Caff.

292 1771 334 1799 ib.
356 1763 534 1801 Λακωνικὸν
560 1764 600 1799 τὸ
623 1764 769 1812 Φρόνημα
796 1769 906 1809 τοῦτο]
941 1768 1092 1799 Vocabulo
1115 1768 1202 1798 vtitur

255 1810 334 1851 quod
353 1809 578 1841 Lacedaemonii
593 1809 646 1838 viri
667 1811 789 1849 ingenio
806 1811 917 1849 optime
934 1811 1089 1847 conuenit,
1112 1819 1201 1849 quum

254 1853 340 1888 dicit,
369 1848 546 1884 Λακωνικὸν
572 1846 610 1882 τὸ
633 1849 776 1894 Φρόνημα
798 1852 902 1884 τοῦτο.
950 1852 1009 1882 Sed
1034 1862 1084 1881 cur
1105 1852 1202 1890 potius

252 1904 344 1924 vnum
360 1893 460 1922 mortis
479 1901 574 1932 genus
591 1902 676 1930 quam
695 1893 818 1922 alterum
833 1891 958 1923 timuisse
980 1892 1072 1927 hunc,
1097 1901 1126 1922 et
1144 1903 1200 1922 ma·

256 1946 312 1966 nus
327 1935 377 1964 fibi
400 1934 468 1964 ideo
487 1941 599 1963 tantum
613 1932 736 1964 attulifl'e
755 1942 784 1964 vt
804 1935 885 1964 vnius
909 1942 988 1964 metu
1008 1933 1036 1965 se
1056 1935 1202 1971 liberaret,

258 1977 410 2007 dicemus?
430 1975 460 2005 id
476 1975 534 2010 est,
555 1974 681 2004 ximuiss'e
697 1976 794 2013 potius
808 1986 847 2006 ne
863 1976 897 2006 ab
912 1975 1039 2006 hostibus
1054 1975 1202 2006 interfice·

259 2028 355 2055 retur,
373 2027 464 2057 quam
478 2026 520 2046 ne
539 2026 555 2045 a
569 2017 641 2045 mari
656 2016 883 2048 absorberetur?
910 2019 984 2047 Nam
1004 2019 1050 2048 vel
1066 2018 1203 2047 Homerus

254 2069 353 2100 'genus
368 2060 428 2088 hoc
444 2058 545 2088 mortis
559 2057 696 2088 'terribile
711 2058 796 2089 nobis
813 2068 883 2097 prae
902 2059 1005 2098 quouis
1020 2060 1076 2089 alio
1093 2059 1203 2089 reddit:

258 2102 279 2132 fi
301 2101 419 2140 quidem
439 2098 544 2140 Synefio
564 2099 725 2135 credimus,
754 2100 899 2139 quendam
920 2101 983 2130 eius
1002 2100 1114 2131 versum
1135 2100 1204 2131 affe-

258 2143 351 2179 renti,
381 2150 410 2171 et
431 2151 469 2171 ex
491 2150 528 2171 eo
550 2141 623 2171 istud
645 2141 771 2180 probare
789 2143 913 2172 conanti.
956 2141 1029 2172 Fuse
1048 2150 1145 2172 autem
1165 2142 1203 2172 de

257 2182 343 2213 versu
367 2183 415 2213 illo
440 2181 555 2212 disserui
577 2184 608 2212 in
634 2182 762 2221 quodam
784 2193 919 2213 meorum
942 2183 1202 2217 Schediasmatum.

258 2227 375 2258 S'rern.
418 2224 600 2254 Ineditorum
616 2225 763 2254 nimirum.
806 2223 930 2265 Synefius
943 2225 1030 2264 Epist.
1042 2228 1091 2256 IV.
1107 2224 1203 2255 adfert

254 2262 339 2301 hunc
356 2264 468 2297 versum
483 2265 597 2294 Homeri
618 2265 657 2295 de
674 2267 765 2297 Aiace
780 2267 875 2296 oi1e1:
905 2263 982 2304 Αἴας
1002 2265 1026 2300 δ’
1047 2265 1205 2309 ἐξαπόλω-

257 2315 333 2346 λεν,
352 2305 425 2340 ἐπεὶ
438 2306 510 2339 πίεν
530 2307 664 2359 ἁλμυρὸν
679 2306 767 2353 ὕδωρ.
810 2311 837 2339 ls
854 2306 952 2347 Odyff.
970 2305 1005 2341 δ’.
1023 2317 1058 2348 51
1068 2317 1091 2339 1.
1108 2310 1146 2338 ita
1163 2309 1203 2338 le.

256 2351 355 2390 ·gitur:
383 2348 440 2385 Ὡς
461 2347 475 2380 ὁ
491 2347 548 2390 μὲν
564 2349 630 2381 ev&
646 2347 830 2388 οἷπόλωλεν,
852 2350 876 2383 ε’.
891 2361 925 2382 π.
946 2349 972 2381 οἱ.
992 2349 1018 2383 ὖ.
1043 2350 1090 2380 vbi
1111 2349 1205 2388 Eusta-

260 2390 337 2421 tirius
355 2390 476 2419 adnotat
500 2398 617 2420 veteres
633 2391 804 2430 Interpretes
819 2392 952 2429 tradere,
980 2401 1047 2421 eum
1071 2393 1101 2421 in
1124 2392 1205 2421 nulla

259 2433 376 2462 Homeri
395 2430 518 2464 ἐκδόσει
534 2432 610 2471 legi,
640 2441 727 2471 atque
752 2433 820 2463 ideo
841 2434 938 2463 mirari
958 2442 1007 2463 cur
1029 2431 1206 2470 Aristarchus

258 2474 368 2505 ¹oblitus
385 2473 473 2502 suerit
488 2483 558 2503 eum
573 2473 661 2502 obelo
678 2481 789 2504 notare.
830 2475 949 2505 De'hoc
963 2476 1029 2505 loco
1045 2473 1206 2513 scholiastae

254 2516 318 2556 agit
335 2515 422 2545 etiam
437 2513 637 2553 Steplra-nus'in
654 2513 714 2544 fine
732 2515 953 2556 Proparafieues.

301 2556 342 2586 ib.
364 2555 494 2598 Ἀξιοῧν]
522 2555 669 2601 Ἀξιῶσαι
684 2555 750 2596 Caff.

1267 366 1305 395 ib.
1327 365 1415 398 Ἀντὶ
1431 367 1486 397 τοῦ
1507 363 1593 398 κατοὶ
1608 364 1663 405 τήν
1679 364 1792 406 νύκτα]
1815 368 1878 396 Imo
1899 376 1968 396 vero
1988 362 2052 399 ὑπδ
2072 363 2172 399 νύκτα
2207 362 2221 369 ”

1228 407 1291 442 hic,
1313 407 1383 436 ficut
1398 415 1429 436 et
1448 407 1531 443 alibi,
1552 418 1613 437 non
1628 408 1731 437 dubito
1748 409 1818 447 quin
1837 406 1867 436 id
1884 407 1915 437 fit
1935 409 2013 446 quod
2032 418 2048 437 a
2062 409 2172 438 Latinis
2200 435 2212 439 ,

1221 447 1274 489 sub
1287 449 1388 477 noe‘tem
1405 448 1523 482 dicitur,
1541 449 1690 479 -vtentibus
1708 449 1920 488 praepositione
1936 459 2011 488 quae
2026 449 2069 479 illi
2084 451 2175 480 Grae·

1229 500 1281 520 cae
1297 489 1460 529 respondet.
1482 491 1602 520 Sravu.
1645 490 1729 522 Adde
1749 491 1805 520 huc
1825 500 1901 530 quae
1921 490 1953 520 in
1977 491 2115 530 Append.
2137 490 2174 520 ad
2221 498 2224 505 “

1231 532 1342 570 Scripta
1359 533 1392 561 al.
1411 531 1449 561 de
1464 532 1538 562 Dial.
1555 535 1613 563 Att.
1629 530 1724 561 scribit
1744 543 1770 571 p.
1785 541 1834 571 93.
1854 532 1902 561 vbi
1921 533 2008 562 etiam
2022 533 2061 562 de
2081 531 2174 571 ellipfi
2222 528 2227 547 ”

1231 573 1450 613 praepositionis
1472 571 1539 611 διαὶ,
1569 573 1607 603 de
1622 583 1678 612 qua
1694 572 1853 611 scholiastes
1867 574 1898 603 in
1917 573 2107 612 praecedenti
2128 573 2176 604 ad-

1232 616 1402 649 notatione,
1425 615 1490 654 agit.
1976 621 1979 624 “

1271 665 1299 695 3·
1323 653 1460 697 Ἰσχύειν
1488 653 1560 692 τούς
1583 654 1777 695 Ἀθηναίους]
1812 657 1879 685 Non
1903 653 2026 698 ἰσχύειν
2054 664 2175 692 tantum,
2198 684 2201 687 .

1233 697 1280 727 fed
1295 693 1498 742 ὑπερισχύειν
1511 698 1602 727 verbo
1617 696 1787 738 Thucydidis
1800 696 1976 739 ἐπικρατεῖν
1988 698 2175 738 significatur:

1233 740 1362 778 ideoque
1377 748 1437 768 non
1452 738 1523 768 illud
1538 737 1586 769 sed
1601 738 1656 768 hoc
1669 737 1805 779 scriptum
1818 739 1903 770 fuiffe
1917 738 2175 779 suspicetusmrir.

1232 782 1301 811 Non
1323 781 1411 810 habet
1427 779 1485 810 hoc
1504 778 1634 810 scholion
1646 779 1713 818 Caffi

1272 831 1300 862 4.
1323 820 1504 867 Ὑπηρέσιόν
1519 821 1563 859 ἐςι
1579 820 1617 854 τὸ
1630 821 1728 862 κῶας]
1748 823 1898 853 Nonnulla
1913 822 2006 860 aliter,
2027 830 2115 862 atque
2130 822 2177 853 hic
2191 823 2197 827 '

1232 865 1387 903 leguntur,
1427 863 1515 892 babet
1537 863 1635 892 Suidas
1663 864 1694 894 in
1722 863 1910 907 ὁπειρέσισν,
1950 872 1981 894 et
2008 863 2177 907 ὑπηρέσιον.

1234 906 1311 935 Vide
1327 905 1367 934 ibi
1385 904 1550 943 Rufinum,
1576 913 1606 935 et
1621 904 1851 945 Iungermanzrum
1865 906 1901 936 ad
1917 906 2067 936 Pollucem
2078 907 2113 944 X,
2128 915 2178 946 40·
2201 910 2205 913 ⁷

1277 963 1303 994 ς.
1326 953 1379 991 Εἰς
1398 953 1441 987 τοὶ
1454 955 1585 998 Μέγαρα
1601 952 1754 995 δηλονότι]
1776 953 1889 985 Desunt
1902 954 1968 994 Caffi

1277 1007 1306 1034 P.
1328 1013 1397 1043 399.
1421 1014 1446 1034 v.
1468 1013 1492 1036 1.
1527 1005 1662 1049 Φρυκτοί
1685 1004 1746 1036 εἰσ-ι
1773 1003 1961 1046 λαμπάδες]
2000 1008 2080 1036 Ante
2106 1006 2179 1037 haec

1235 1046 1326 1076 verba
1342 1045 1408 1085 Caff
1425 1045 1530 1083 habet,
1555 1043 1723 1087 λαμπάδες
1743 1047 1911 1089 πολεμίους
1926 1045 2079 1085 δηλοῦσαι.

1277 1094 1348 1125 Ibid.
1371 1093 1558 1139 Λαμπείόες]
1583 1094 1660 1124 Vide
1675 1094 1788 1124 Suidam
1807 1097 1838 1126 in
1855 1105 1941 1135 voce,
1960 1105 1991 1127 et
2006 1095 2127 1137 Lipfium
2142 1097 2179 1129 de

1237 1137 1345 1168 Militia
1361 1139 1440 1167 Rom.
1455 1138 1475 1169 1.
1491 1145 1517 1176 5.
1534 1136 1609 1167 Dial.
1627 1145 1656 1175 9.
1677 1138 1778 1167 ans.

1285 1185 1351 1216 ibid.
1380 1183 1503 1226 Τῦλων]
1539 1185 1707 1226 Suspectum
1735 1185 1794 1216 effe
1819 1185 1902 1227 poilit
1928 1186 1984 1217 hoc
2007 1187 2181 1219 vocabulum

1239 1224 1362 1265 τύλων,
1391 1228 1442 1258 nili
1466 1228 1631 1267 quampiam
1651 1228 1693 1257 illi
1714 1236 1831 1267 praeter
1851 1230 1983 1268 vulgares
2003 1228 2183 1270 significatio-

1240 1280 1310 1300 nem
1326 1270 1438 1300 demus.
1481 1267 1604 1299 Fortasse
1619 1276 1717 1299 autem
1733 1270 1834 1309 aliquis
1849 1270 1887 1300 de
1901 1279 2035 1300 tomento
2052 1281 2109 1310 quo
2124 1273 2183 1303 cul-

1241 1313 1310 1342 citra
1330 1311 1497 1348 infercitur,
1519 1312 1597 1350 (aut,
1626 1311 1645 1341 fi
1665 1312 1773 1346 mauis,
1801 1311 1879 1351 quod
1903 1313 2041 1342 culcitrae
2065 1312 2202 1344 inferci-‘

1241 1355 1302 1393 tur)
1323 1352 1549 1393 intelligendum
1570 1361 1663 1392 putet.
1688 1354 1807 1385 STrzpt-t.
1851 1353 1939 1393 Apud
1954 1354 2066 1384 Suidam
2086 1353 2184 1398 ξύλων
2203 1377 2210 1394 ;
2231 1355 2234 1395 f

1241 1396 1358 1435 legitur.
1379 1397 1481 1425 Hvos.
1524 1396 1557 1424 ln
1575 1393 1708 1433 Stephani
1727 1395 1892 1425 comestura
1913 1397 2038 1435 primum
2059 1407 2119 1426 non
2138 1399 2184 1427 in-

1241 1438 1342 1476 telligo
1360 1438 1421 1473 quis
1437 1436 1521 1474 poffit
1537 1434 1595 1465 effe
1613 1434 1674 1466 vsus
1693 1437 1834 1473 tomenti,
1857 1447 1915 1475 quo
1934 1438 2052 1467 culcitra
2066 1438 2183 1469 inferci-

1240 1487 1295 1514 tur,
1318 1478 1353 1508 ad
1368 1478 1464 1508 faces:
1488 1477 1606 1512 deinde,
1630 1476 1651 1506 fi
1667 1478 1705 1507 de
1720 1487 1757 1507 eo
1773 1476 1919 1517 scripfiffet
1935 1477 2098 1517 Scholiasta,
2122 1491 2183 1510 non
2232 1478 2233 1483 ’

1241 1517 1365 1558 τύλων,
1388 1517 1436 1549 sed
1455 1520 1558 1552 φυλῶν
1571 1519 1686 1558 potius,
1709 1518 1727 1548 fi
1745 1527 1843 1549 tamen
1862 1517 1942 1558 τύλη
1963 1520 2004 1550 est
2024 1529 2183 1558 tomentum,
2232 1522 2235 1530 ¹

1242 1562 1384 1591 diflurum
1401 1559 1485 1590 fuisse
1503 1569 1583 1599 puto.
1626 1559 1728 1593 Τύλον
1742 1561 1817 1599 apud
1832 1559 2040 1600 Aristophanem
2058 1563 2183 1593 Achai-n.
2232 1574 2235 1578 ’

1243 1611 1313 1643 ςς2.
1329 1614 1344 1632 a
1359 1601 1501 1640 Scholiaste
1513 1603 1621 1641 exponi
1636 1601 1741 1631 clauum
1755 1601 1880 1642 ligneum,
1901 1611 1931 1632 et
1946 1603 1977 1633 in
1994 1605 2058 1633 loeo
2074 1603 2185 1646 Polybii
2233 1639 2235 1642 y

1244 1645 1322 1684 apud
1347 1643 1458 1674 Suidam
1486 1654 1539 1683 pro
1570 1643 1644 1673 clauo
1673 1642 1758 1679 sumi,
1798 1652 1886 1683 atque
1912 1645 2000 1674 etiam
2020 1645 2185 1686 Hesychium

1244 1684 1359 1724 τύλον,
1386 1684 1514 1724 αἰδοῖον,
1542 1694 1573 1715 et
1590 1684 1680 1725 ξύλον
1697 1686 1881 1725 interpretari
1901 1685 1964 1725 ipse
1981 1686 2134 1726 Stephanus
2154 1690 2185 1719 in
2210 1684 2216 1708 5

1244 1727 1394 1758 Thesauro
1414 1728 1497 1767 Ling.
1514 1728 1564 1757 Gr.
1585 1726 1740 1757 adnotauit.
1784 1729 1938 1757 Arrianum
1959 1738 2079 1767 quoque
2093 1732 2127 1760 11.
2148 1730 2186 1761 de

1243 1769 1379 1810 Expedit.
1394 1769 1553 1800 Alexandri
1572 1777 1597 1807 3.
1613 1767 1704 1802 τύλον
1721 1778 1823 1799 vocare
1837 1769 1980 1809 paxillum,
2003 1769 2064 1800 siue
2080 1770 2188 1801 clauum

1244 1822 1298 1851 per
1315 1819 1469 1841 temonem
1485 1811 1650 1845 traiectum,
1674 1809 1866 1841 obseruarunt
1884 1811 1940 1840 alii.
1983 1813 2065 1842 Haec
2081 1812 2188 1854 signifi-

1244 1853 1316 1883 catio
1331 1853 1408 1882 vocis
1425 1849 1521 1889 τύλος
1534 1862 1570 1882 an
1588 1852 1624 1881 ad
1644 1852 1724 1882 hunc
1735 1853 1832 1882 locum
1846 1851 2006 1890 Scholiastae
2019 1853 2204 1890 adcommo-,.

1245 1895 1306 1924 dari
1326 1894 1425 1933 poliit,
1452 1893 1595 1924 videbunt
1619 1894 1677 1926 alii.
1719 1896 1755 1924 ln
1781 1890 1883 1938 ξύλων
1903 1895 1982 1933 quod
2003 1895 2101 1926 Suidas
2123 1906 2186 1928 voc.

1244 1934 1383 1980 φρυκτοὶ
1396 1935 1501 1971 habet,
1520 1935 1592 1965 nihil
1609 1935 1784 1965 difficultatis
1798 1935 1848 1966 est.
1872 1935 1927 1976 [Ita
1941 1936 2076 1978 editum]

1285 1985 1356 2015 lhid.
1375 1983 1432 2022 ‘’Ag
1448 1984 1544 2025 τινές]
1562 1984 1620 2022 “Ae
1635 1997 1722 2023 τινας
1737 1985 1803 2024 Caff.
1820 1994 1850 2016 et
1868 1985 1944 2016 Suid.

1287 2035 1338 2075 [ib.
1355 2033 1395 2071 ὠς
1409 2033 1458 2067 ὅτι
1473 2033 1672 2080 ὃεῒπροφυλ.
1690 2036 1765 2066 Cod.
1781 2033 1838 2066 Bas.
1855 2032 1930 2080 πρός
1945 2036 1982 2070 τὰ
1998 2035 2057 2071 δεῖν
2069 2038 2188 2083 προφν·

1244 2077 1455 2115 >toiri-screatu]

1288 2135 1315 2166 3.
1336 2124 1463 2166 Αὐτοϊς]
1486 2125 1575 2157 Deest
1591 2124 1658 2165 Caffi
1674 2134 1705 2156 et
1720 2126 1796 2158 Suid.
1817 2127 1921 2168 [etiam
1939 2126 2012 2167 Bac]

1286 2175 1359 2206 Ibid.
1381 2174 1484 2209 noim
1502 2174 1545 2208 τοὶ
1566 2175 1643 2216 τῶν]
1672 2174 1773 2209 Ποίλιν
1794 2175 1847 2209 δια)
1867 2178 1938 2209 τῶν.
1956 2175 2063 2206 Suidas.
2085 2177 2188 2207 ans.

1245 2225 1277 2289 ἒξ
1292 2217 1382 2291 ςαλῑδ
1392 2217 1510 2299 &Etiam
1525 2216 1581 2248 Bas.
1599 2214 1651 2251 διαὶ
1664 2219 1726 2250 τῶν
1743 2220 1897 2275 φρυκτῶν
1910 2227 1941 2249 et
1960 2228 2030 2248 mox
2051 2216 2104 2251 ὅτε
2118 2218 2190 2262 μὲν,

1284 2270 1564 2353 ἔῗἝῊΞεμοῧντες]
1597 2299 1697 2331 Suidas
1725 2300 1916 2346 ἠρεμοῦντας.
1964 2299 2102 2332 Praesero
2129 2301 2192 2346 ἐρη-

1245 2355 1343 2414 1⁴⁰ng-
1344 2354 1521 2422 εΔςῆλοῢντ-ες
1536 2383 1590 2417 τᾶν
1601 2382 1722 2424 Φόβον]
1748 2386 1829 2414 Haec
1844 2381 1946 2414 absunt
1960 2394 1977 2414 a
1993 2382 2061 2423 Caffi
2075 2394 2091 2414 a
2104 2364 2202 2415 Suiola‘

1249 2434 1279 2456 et
1291 2425 1378 2462 haec,
1402 2434 1432 2456 et
1445 2426 1653 2465 praecedentia
1667 2425 1740 2462 τοῦς
1753 2422 1923 2468 Φρυκτούς.

1288 2477 1316 2507 6.
1331 2474 1511 2507 Μέλλουσιν
1526 2475 1669 2514 ἐσπλεῖν]
1689 2475 1790 2505 Scribo
1801 2474 1935 2516 μέλλειν
1949 2474 2093 2514 §ert-mm
2108 2483 2137 2505 vt
2154 2471 2190 2504 nd

1253 2515 1439 2557 Thucydidem
1460 2517 1609 2549 admonui.
1633 2518 1752 2547 STEPH.

1291 2557 1361 2588 usia.
1385 2557 1480 2592 Μετοὶ
1496 2556 1572 2598 βοῆς
1588 2555 1824 2602 συνδραμόντες]
1846 2556 1960 2589 Desunt
1974 2555 2046 2596 Caffi
