2166 2777
155 91 207 121 nr
684 75 732 119 c.
767 75 821 118 D.
861 73 1095 117 fiscau
1133 51 1554 115 masmim.

157 187 276 236 graeci
303 186 430 237 operis
455 183 568 224 libros
594 197 685 223 cum
709 181 888 231 verfione,
910 185 990 221 var.
1013 179 1125 230 lecit„
1150 178 1311 228 scholiis,
1336 187 1370 217 et
1396 177 1573 216 adnotatt.
1592 179 1670 215 VV.
1688 177 1774 214 DD.
1795 184 1897 216 tenet
1914 179 2092 229 primum,

156 241 364 292 postremos
381 250 452 280 tres
470 241 646 280 vltiinum
664 240 806 279 nostrae
823 239 908 277 edit.
929 238 1122 278 volumen.
1185 238 1278 286 Quo
1296 235 1387 274 loco
1407 233 1495 272 illud
1515 232 1586 282 legi
1606 230 1870 283 reprehensum
1889 233 1972 283 eise,
1988 236 2092 287 quod

157 296 305 346 singulis
325 299 465 348 paginis
485 296 541 336 vel
557 309 683 347 graeca
701 295 756 345 vel
776 295 883 334 latina
901 291 1291 345 comprehenduntur,⁴
1315 300 1464 336 non,vt
1481 291 1517 327 in
1528 288 1667 326 Duker.
1687 287 1758 338 ed.,
1788 290 1891 328 iuxta
1911 289 1945 328 se
1962 291 2001 329 in
2021 304 2091 330 vna

158 354 364 406 eademqne
383 356 511 404 pagina
525 351 639 404 polita
658 352 740 389 sunt
757 364 882 402 graeca
902 360 938 389 et
952 349 1071 389 latina.
1101 351 1202 387 Nam
1221 345 1412 398 longiores
1431 348 1477 398 ira
1496 346 1551 383 vel
1570 356 1719 394 graecae
1737 343 1796 382 vel
1809 344 1941 385 latinae
1956 349 2092 386 oratio-

158 411 214 448 nis
230 406 347 448 fac‘ios
366 408 437 448 effe
453 409 590 458 versus,
619 408 724 461 quod
743 408 949 458 legentibus
964 417 1001 446 et
1016 402 1279 459 quaerentibus
1292 401 1432 455 aliquid
1449 400 1656 441 admodum
1675 397 1716 439 fit
1732 399 1945 440 molestum.
2002 404 2091 453 lam,

159 462 221 504 etfi
248 478 328 503 non
354 467 428 504 mei
454 478 493 504 ea
519 464 716 517 descriptio
747 462 818 502 fuit
845 461 988 502 confilii
1012 471 1076 500 aut
1101 460 1268 507 instituti,
1297 469 1421 497 tamen
1446 456 1610 496 excusari
1639 470 1720 495 eam
1747 454 1851 496 facile
1876 456 1980 509 posse
2002 456 2109 509 vidi,

161 530 251 565 tum,
283 521 388 574 quod
405 521 496 559 baec
524 520 640 559 editio
667 522 829 559 omnino
849 532 928 558 non
953 516 1137 557 tironibus
1155 525 1217 555 aut
1233 518 1275 553 iis
1292 512 1508 564 leftoribuS,
1528 514 1592 565 qui
1610 512 1776 552 laborem
1793 517 1969 567 quemuis
1989 511 2094 566 fuge-

162 586 254 625 rent,
271 576 443 616 destinata
460 575 557 625 effet,
572 586 656 615 tum
676 576 780 629 quod
799 576 874 625 ista,
893 588 1006 628 quani
1023 572 1189 612 librarius
1207 571 1384 624 sequutus
1401 570 1453 610 est
1470 571 1575 613 ratio,
1591 579 1628 608 et
1647 579 1809 621 parceret
1829 569 1963 608 chartis
1980 566 2092 625 atque

163 632 362 683 limitibus,
405 646 484 685 quo
511 631 766 671 consuleretur
797 642 990 671 emtor-um
1020 628 1185 678 militati,
1225 637 1263 666 et
1286 629 1404 665 variae
1437 625 1618 665 lectiones
1642 635 1753 679 atque
1788 625 1928 665 scholia
1957 626 2093 667 rectius

163 689 450 739 seiungerentur.
508 692 622 728 Henr.
647 688 822 739 Stephani
844 688 1029 725 Iudicium
1049 685 1094 723 de
1111 683 1269 723 Scholiis
1286 686 1323 722 in
1341 682 1516 732 Thucyd.
1534 693 1571 721 et
1587 679 1922 734 Proparasceue‘rp.
1944 695 2021 735 575
2037 704 2095 714 ‹—

167 750 276 795 585.)
292 744 426 796 legitur
441 747 479 783 in
497 745 638 784 nostrae
655 744 741 783 edit.
759 743 836 782 hoc
850 742 1017 782 seeundo
1031 745 1166 780 Tomo
1182 753 1215 792 p.
1235 741 1317 789 468
1337 759 1387 768 -—
1406 745 1511 789 482„
1542 737 1603 777 sed
1620 740 1901 779 Annotationes
1921 741 1961 778 in
1977 739 2094 779 Scho-
2112 779 2118 782 ,

164 801 207 840 lia
227 814 314 839 cum
330 800 514 841 *Auc'iario
533 801 775 841 Scholiorum
793 805 842 852 (p.
864 807 941 849 585
955 819 1006 829 -—
1026 799 1149 848 660.)7
1181 809 1287 849 quas,
1305 793 1367 834 etfi
1386 794 1566 834 nonnulla
1585 794 1673 834 inde
1690 798 1789 834 notis
1807 795 2005 834 inseruerat
2021 796 2094 834 suis

165 856 419 906 Gottleberus,
448 860 603 908 integras
620 868 743 896 tamen
763 866 926 908 repetere
943 854 1090 906 placuit3
1121 850 1390 891 acccffionibus
1415 850 1609 890 nonnullis
1625 850 1707 890 sunt
1724 851 1970 902 locupletatae
1987 855 2037 891 T.
2053 852 2093 890 Π.
2140 878 2143 879 ⁷

160 914 198 965 p.
216 921 297 965 482
318 935 368 943 —
388 921 479 963 5238.
520 917 733 966 Sequuntur
749 915 787 951 in
804 912 924 951 nostra
940 910 1025 950 edit.
1051 924 1081 961 p.
1105 917 1186 960 589
1204 930 1253 938 -—-
1273 915 1366 960 7¹8·
1425 909 1580 947 Henrici
1600 907 1784 946 Dodwelli
1803 908 1966 947 Annales
1982 907 2094 946 Thu-

165 969 330 1018 cydidei,
359 969 554 1020 praemiffo
578 971 768 1021 Apparatu
791 983 881 1008 cum
907 970 1000 1006 vitae
1026 965 1264 1015 Thucydidis
1289 962 1443 1016 Synopfi
1466 963 1758 1015 chronologica,
1793 966 1859 1016 qui
1884 963 1929 1003 ad
1952 961 2093 1003 calcem

164 1024 248 1065 edit.
271 1025 423 1075 Dulier„
442 1028 582 1077 paginis
599 1026 789 1077 separatim
808 1026 1022 1073 numeratiS,
1040 1023 1223 1072 leguntur.
1256 1024 1300 1060 lis
1320 1019 1413 1061 nihil
1430 1018 1658 1066 addidimus,
1684 1019 1746 1060 etii
1761 1018 1809 1058 de
1829 1017 2024 1060 nonnullis
2040 1020 2096 1059 lo-

164 1083 216 1120 cis
236 1079 304 1120 fuit
321 1081 425 1143 quod
444 1093 670 1121 moneretur.
727 1081 934 1121 Plurimum
951 1079 1098 1118 acceffit
1119 1078 1312 1117 addendis
1334 1088 1371 1116 et
1385 1076 1635 1116 Emendandis
1655 1089 1686 1128 p.
1709 1078 1785 1116 661
1813 1096 1859 1105 -—
1880 1077 1907 1116 6
1921 1109 1925 1113 ,
1940 1085 1976 1123 8.
1994 1076 2094 1115 Duk.

163 1139 211 1177 ita
231 1146 270 1175 vt
287 1148 440 1177 centum
456 1140 674 1189 paginarum
694 1151 874 1177 numerus
901 1136 1110 1188 expleretur
1128 1142 1182 1186 (p.
1203 1146 1280 1185 745
1302 1155 1354 1163 --
1372 1135 1495 1183 844).
1555 1135 1655 1174 Cum
1676 1134 1810 1171 Indicis
1828 1132 2043 1172 dictionum
2060 1144 2097 1174 ct

164 1192 417 1243 locutionum,
434 1208 528 1246 quae
545 1197 583 1232 in
600 1193 776 1243 Thucyd.
796 1194 890 1232 vilae
906 1193 988 1230 sunt
1015 1191 1274 1230 memorabiles
1291 1199 1343 1241 (p.
1362 1191 1444 1241 679
1469 1213 1513 1217 *-
1533 1196 1626 1239 728.
1646 1188 1775 1237 Duk.),
1793 1187 1882 1227 loco
1898 1187 2020 1228 multo
2037 1201 2095 1228 ac-

163 1251 323 1288 curatius
349 1260 385 1288 et
409 1250 632 1301 locupletius
651 1251 843 1300 Gloffizriwn
858 1249 880 1287 s
899 1250 1042 1287 Lexicon
1071 1248 1296 1299 ilinicydideimz
1313 1244 1605 1297 exspectandum
1623 1243 1675 1294 fit,
1708 1257 1780 1284 nos
1799 1246 1836 1287 in
1854 1245 1931 1284 fine
1949 1244 2019 1283 vol.
2041 1244 2096 1284 se-

164 1304 279 1344 cundi
297 1318 374 1344 non
403 1308 620 1357 repetiimus
644 1305 707 1344 nili
725 1308 893 1358 quinque
916 1317 1054 1352 rerum,
1082 1302 1360 1342 vocabulorum
1378 1311 1414 1340 et
1434 1303 1471 1339 in
1491 1300 1662 1350 ScholiiS,
1692 1309 1729 1339 et
1747 1302 1784 1338 in
1804 1302 1914 1338 Notis
1931 1300 2096 1352 explica-

165 1371 304 1410 torum,
336 1375 458 1400 rerum
476 1364 512 1400 in
532 1362 709 1401 adnotatt.
728 1360 973 1409 trac‘iatarum‚
1004 1370 1041 1398 et
1058 1358 1258 1398 auelorunt
1281 1358 1442 1397 aliorum
1465 1356 1753 1396 emendatorum
1771 1355 1913 1395 indices
1929 1364 1994 1404 (ex
2012 1359 2096 1410 qui-

164 1416 234 1456 bus
250 1426 321 1456 tres
332 1420 524 1470 Bipontini
546 1418 769 1467 omiserunt)
787 1431 865 1455 non
884 1414 957 1455 siue
977 1414 1101 1455 labore
1120 1416 1260 1454 nostrae
1276 1415 1361 1454 edit.
1373 1415 1538 1453 numeris
1552 1412 1876 1462 accommodatos,
1887 1421 1998 1465 atque
2016 1412 2097 1463 plu-

165 1476 266 1512 rimis
294 1472 385 1513 locis
414 1473 554 1514 auaris.
613 1477 711 1513 Nam
736 1473 793 1513 vel
817 1487 863 1512 ex
887 1475 942 1522 iia,
962 1485 1056 1526 quae
1078 1471 1176 1510 Dulr.
1196 1471 1252 1511 ed.
1269 1469 1497 1518 continebat,
1529 1469 1641 1508 multa
1661 1471 1705 1507 iis
1723 1467 1909 1507 indicibus
1931 1469 2094 1508 deerant.

167 1529 325 1569 Additae
351 1529 434 1569 suut
453 1530 593 1569 Dukeri
618 1530 775 1570 editioni
792 1529 887 1568 duae
911 1528 1055 1568 tabulae
1083 1526 1361 1579 geographicae,
1385 1524 1493 1565 altera
1511 1527 1688 1564 Graeciae
1706 1527 1891 1578 antiquae,
1917 1523 2024 1564 altera
2039 1524 2091 1565 vSi-

168 1585 273 1624 ciliae
292 1589 423 1625 veteris
443 1600 530 1625 cum
548 1596 637 1638 typo
657 1586 924 1636 Syracusarum.
959 1587 1119 1638 Vtraque
1136 1598 1255 1638 quun-
1276 1593 1425 1635 propter
1442 1581 1755 1630 multos'errores,
1784 1582 2091 1620 iudiceManner-

167 1652 220 1690 to,
247 1641 575 1693 intelligentiffimo
598 1646 690 1689 viro,
718 1655 833 1696 quem
853 1641 1016 1680 librarius
1033 1640 1279 1690 consuluerat,
1312 1653 1382 1678 nec
1407 1638 1602 1690 repetenda
1622 1650 1693 1677 nec
1712 1636 1843 1676 leuiter
1859 1634 2091 1687 emendanda
2143 1670 2146 1671 γ

168 1696 265 1746 esset,
296 1711 414 1750 quum
436 1698 557 1750 plures
574 1697 700 1743 hodie,
717 1710 753 1737 et
768 1698 940 1738 meliores
958 1697 1111 1746 tabulae,
1134 1695 1240 1736 facile
1260 1704 1484 1743 emerentur,
1505 1704 1633 1733 neutra
1651 1695 1763 1744 igitur
1778 1695 1837 1744 ita,
1867 1701 1905 1732 vt
1919 1702 2002 1733 ante
2018 1691 2092 1733 hos

168 1753 393 1805 septuaginta
410 1768 541 1804 annos,
569 1755 658 1794 huic
674 1754 833 1794 editioni
849 1753 934 1794 effet
951 1752 1159 1793 necessaria:
1190 1751 1396 1792 consultius
1415 1750 1532 1789 visum
1547 1750 1609 1800 est,
1645 1762 1724 1788 non
1742 1758 1817 1789 tam
1834 1748 1912 1789 illas
1931 1763 2010 1789 non
2025 1748 2091 1790 dc-

170 1823 248 1851 nuo
266 1813 337 1848 aeri
357 1811 482 1859 incidi,
512 1811 617 1863 quod
636 1810 813 1850 stolidum
831 1809 962 1859 sufflet,
987 1823 1100 1864 quam
1121 1823 1240 1848 nouas
1258 1821 1337 1848 non
1354 1808 1433 1847 fieri
1450 1816 1562 1860 atquc
1581 1806 1677 1855 addi,
1695 1805 1801 1859 quod
1816 1806 1961 1845 suimus
1977 1808 2091 1845 inuti·
2117 1822 2120 1839 2

169 1865 250 1904 liter
266 1866 437 1906 auxisset.
494 1866 616 1910 Quod
641 1865 761 1906 tabula
784 1866 843 1906 illa
865 1869 998 1918 inepta,
1039 1865 1226 1916 praemissa
1251 1863 1352 1904 Dulr.
1375 1863 1548 1910 editioni,
1568 1875 1666 1917 quae
1687 1861 1848 1902 multam
1871 1862 1933 1902 leti
1953 1860 2092 1902 faciem

169 1920 335 1972 exhibet,
367 1936 446 1962 non
463 1923 513 1961 est
532 1925 692 1974 repetita,
721 1922 956 1962 excusatione
973 1922 1069 1962 nulla
1084 1920 1365 1961 defendendum
1382 1919 1540 1959 videtur.

268 1980 344 2018 lam
364 1977 546 2018 Gloffario
565 1979 628 2028 illi,
654 1979 760 2031 quod
778 1978 868 2028 dixi,
907 1979 1125 2018 adornando
1142 1976 1203 2018 etfi
1215 1975 1457 2017 Gottleberus
1471 1985 1509 2015 et
1523 1978 1687 2014 Bauerus
1705 1973 1821 2014 multa
1842 1987 1921 2014 non
1941 1983 2017 2014 tam
2033 1987 2094 2027 pa-

170 2043 254 2083 rata,
286 2047 398 2086 quam
421 2034 602 2085 conieila,
631 2035 871 2088 reliquerunt,
898 2030 1023 2073 tamen
1041 2035 1154 2086 longe
1171 2033 1274 2086 plura
1298 2033 1441 2078 desunt,
1468 2031 1568 2071 vnde
1586 2030 1749 2071 multum
1769 2031 1862 2070 mihi
1884 2033 1923 2071 in
1940 2044 1988 2070 eo
2010 2043 2091 2082 per-

168 2090 333 2129 ficiendo
359 2091 429 2130 effe
453 2090 586 2130 laboris
608 2091 836 2143 intelligitur.
894 2090 1046 2131 Curabo
1069 2100 1207 2139 autem,
1233 2099 1272 2128 vt
1296 2103 1376 2128 non
1402 2087 1524 2128 modo
1547 2087 1734 2127 lediorum
1759 2085 1785 2127 fi
1809 2101 1903 2141 quae
1926 2083 1967 2126 fit
1987 2087 2091 2139 spem

170 2158 249 2185 non
277 2146 341 2185 diu
366 2158 546 2196 moretur,
573 2147 634 2186 sed
656 2147 847 2200 separatim
862 2150 985 2195 etiam,
1015 2149 1066 2185 vti
1093 2149 1209 2185 Reizii
1229 2148 1401 2185 Lexicon
1417 2147 1666 2190 Lucianeum,
1688 2143 1799 2195 poffit
1824 2146 1913 2194 emi,
1939 2153 1976 2182 et
2001 2156 2092 2183 cum

168 2205 326 2250 minore,
348 2201 617 2249 emendatiore,
649 2214 759 2257 atque
785 2206 900 2254 magis
922 2203 1071 2254 parabili
1096 2202 1281 2254 scriptoris
1307 2201 1475 2241 editione
1499 2199 1604 2239 fimul
1628 2200 1794 2252 prodeat.
1854 2203 1962 2238 Hanc
1986 2201 2087 2246 enini

169 2257 332 2298 librarius
350 2261 387 2298 in
402 2258 612 2298 scholarum
631 2260 735 2299 Vsum
753 2262 801 2299 ita
818 2261 1001 2311 componi
1020 2257 1154 2307 voluit,
1180 2268 1219 2298 vt
1233 2271 1372 2308 graeca,
1399 2267 1582 2310 quantum
1604 2270 1651 2297 ex
1674 2252 1977 2306 criticis‘legibus
2002 2255 2090 2295 lice.-

169 2324 235 2364 ret,
261 2315 554 2354 emendatissime
569 2315 874 2364 describerentur,
904 2326 940 2354 et
957 2315 1002 2354 ad
1022 2315 1223 2354 iuuandam
1240 2314 1412 2353 historiae
1427 2315 1556 2353 Thuc.
1582 2312 1789 2353 leffionem
1807 2325 1884 2351 non
1910 2312 2088 2352 adderen-

170 2379 228 2408 tur
245 2369 308 2409 nili
325 2385 418 2423 quae
436 2371 626 2411 necessaria
647 2374 809 2412 maxime
825 2370 950 2420 essent,
981 2381 1194 2422 temporum
1214 2373 1408 2409 notatione
1433 2383 1511 2408 non
1531 2368 1708 2420 negledia.
1792 2406 1795 2407 γ

270 2428 400 2474 Restat,
431 2437 481 2476 vt,
506 2441 602 2481 quae
618 2426 659 2468 fit
683 2427 798 2468 huius
820 2430 970 2467 maioris
998 2427 1174 2468 editionis
1201 2425 1499 2471 commendatio,
1525 2426 1720 2465 indicetur.
1776 2426 1875 2464 Nam
1898 2433 1938 2463 vt
1959 2434 2087 2476 graeon

170 2484 291 2521 oratio
310 2483 498 2523 nonnullis
515 2487 552 2523 in
572 2483 665 2524 loeis
678 2484 872 2525 emendata
889 2485 950 2533 est,
977 2482 1094 2523 verfio
1112 2481 1287 2528 correcs‘ta‚
1314 2484 1360 2520 ita
1379 2480 1501 2520 multo
1519 2481 1620 2532 plura
1638 2482 1725 2521 sunt
1745 2478 1986 2521 restituendae
2003 2494 2088 2532 pro—
2122 2521 2124 2523 ,

167 2536 334 2578 habiliter
357 2552 461 2580 verae
484 2540 657 2580 leelionis
680 2539 756 2581 fiue
781 2543 820 2580 in
844 2543 952 2582 variis
978 2539 1072 2580 ledit.
1098 2539 1279 2579 codicum
1301 2551 1430 2579 recens
1453 2537 1679 2580 collatorum
1705 2537 1782 2579 fiue
1799 2541 1840 2578 in
1859 2536 2088 2578 comesturis
